3067 4792
253 250 331 324 720
525 275 530 286 ·
566 258 802 329 NICEPHOBI
822 257 1063 327 GREGORAE

92 434 121 487 A·
136 434 168 484 ll-
181 419 323 507 6852?ch
347 421 384 489 τὸ
411 416 534 507 κράτος.
562 418 641 489 ἐνθα
660 422 700 507 δὴ
731 422 903 509 γενομένοις
929 425 1036 511 σφίσιν
1065 418 1150 505 οἶμαι
1170 417 1355 506 νενόμισται,

124 504 175 557 lud
188 507 359 627 ιεοκοινῇς
382 522 484 602 ἱστίας
505 532 569 591 τῶν
587 524 785 609 πανταχόθεν
813 534 868 611 τῆς
892 526 1071 611 οἰκουμένης
1090 523 1226 608 μάλιστα
1248 532 1358 593 πασῶν

253 625 454 715 όπαρχοόσης
469 628 581 713 αὐτῆς,
606 630 657 693 καί
672 627 737 713 ἅμα
750 625 971 714 πολυγλώσσου
985 631 1037 693 καί
1052 633 1241 713 πολυμιγυῦς
1253 635 1359 714 φωνῆς

256 734 307 799 καί
330 728 454 815 γνιόμης
476 728 733 815 ἐπιπολαζούσης,
761 728 926 797 συσκιάσαι
947 732 1005 814 μέν
1022 732 1080 815 τὴν
1103 729 1222 796 ἑαυτῶν
1235 733 1356 810 κακίαν,

253 830 455 921 μιμήσασθαι
469 834 503 899 dl
515 840 578 901 τῶν
592 834 728 917 ὀρνίθων
740 834 814 909 coi-c
827 831 1072 921 ιίρυσκολάπτας,
1097 834 1132 899 οἳ
1142 844 1207 911 τοῖς
1220 836 1380 919 ὃένδρεσισ

254 934 501 1025 περιπετόμενσι,
531 939 582 1002 καί
604 935 677 1002 ὅλον
690 947 755 1012 τοῖς
771 932 906 1023 ῥάμφεσι
922 936 977 1003 τόν
990 936 1099 1023 φλοιόν
1115 934 1357 1024 περικρούοντος,

256 1039 358 1107 καὶτὸ
373 1036 510 1124 ὖγιαΐνον
523 1039 767 1125 παρατρέχοντες
781 1037 863 1105 όταν
871 1088 882 1121 ,
909 1037 995 1127 μόνην
1010 1046 1054 1129 τῷ
1069 1044 1183 1127 σαθρῷ
1197 1042 1247 1105 καί
1265 1064 1359 1121 σεση-

256 1141 327 1209 πότι
335 1145 511 1229 χρονίζουσι
526 1140 767 1230 περικαθήμενσι
780 1142 882 1229 μέρει,
903 1142 1022 1209 κάκεῖνο
1035 1147 1192 1208 σιτοῦνται
1207 1141 1285 1230 πρὸς
1296 1138 1359 1225 βά-

253 1252 318 1323 θος
334 1248 543 1321 κσιλαίνοντες.
743 1303 749 1314 ,

221 1362 248 1420 1)
330 1345 372 1431 η’.
397 1346 477 1413 Ἐπεί
493 1372 525 1433 γε
546 1344 610 1431 μὴν
622 1345 702 1429 μετὰ
718 1346 774 1413 τὸν
788 1346 942 1431 βασιλέως
960 1344 1102 1415 θάνατον
1117 1347 1196 1435 πρὸς
1210 1342 1359 1433 ἐμφόλιον
1366 1362 1401 1416 10

253 1447 363 1517 στάσιν
379 1448 418 1514 τὰ
430 1446 589 1533 Ῥωμαίων
605 1449 722 1535 ἠγέρθη
738 1447 917 1536 πράγματα,
946 1454 997 1516 καί
1012 1450 1115 1535 ῶσπερ
1127 1452 1159 1515 ἐν
1168 1455 1295 1533 χειμῶνι
1307 1450 1359 1513 καί

252 1554 340 1619 νυκτί
358 1552 398 1618 τὰ
419 1549 521 1617 πάντα
544 1550 638 1639 ζόφος
651 1545 707 1635 ἦν,
733 1550 777 1629 ῶς
790 1554 871 1637 μηδ’
890 1551 1018 1640 άστροις
1026 1602 1037 1634 ,
1065 1554 1101 1619 τὸ
1114 1549 1357 1638 θρυλλοόμενον,

253 1652 324 1725 ὅποι
341 1653 465 1743 φέροιτό
479 1680 527 1731 τις
541 1652 698 1721 δύνασθαι
721 1657 960 1741 τεκμαίρεσθαι,
988 1659 1038 1721 καί
1051 1652 1145 1720 πάντ’
1170 1654 1235 1721 άνω
1249 1679 1283 1719 τε
1307 1655 1360 1718 καὶ

254 1754 338 1827 κάτω
362 1760 616 1841 μεταπίπτοντα,
643 1757 730 1842 παρὰ
750 1766 900 1824 τοσοῦτον
920 1760 953 1822 ἐκ
976 1766 1033 1825 τοῦ
1058 1755 1203 1843 σάνεγγυς
1216 1758 1312 1822 ἐτίθει
1327 1757 1369 1822 τέ

254 1862 305 1925 καί
320 1859 406 1943 μάλα
423 1868 485 1927 τῶν
500 1860 700 1941 ἐλπιζομένων
716 1858 857 1937 ἑκάστοις
873 1863 965 1927 ἐποίει
982 1861 1018 1927 τό
1034 1863 1234 1940 ἐπικίνδυνον,
1259 1855 1359 1944 παρό-
1369 1877 1402 1931 15

253 1986 309 2028 σον
330 1959 437 2049 πόρρω
456 1966 507 2029 καί
528 1964 731 2029 δυσέλπιστον
751 1963 925 2050 τάσφαλές·
954 1964 1001 2051 (ἐν
1014 1962 1074 2048 γὰρ
1089 1964 1270 2048 διχοστασίῃ
1282 1964 1361 2047 φασί

251 2064 307 2131 τόν
319 2065 375 2147 μέν
389 2062 546 2149 πάγκακον
561 2062 718 2149 τυγχάνειν
732 2074 833 2150 τιμῆς,
859 2066 914 2131 τὸν
927 2067 961 2132 δέ
973 2067 1024 2131 καί
1039 2062 1181 2132 ὁπωσοῦν
1194 2065 1362 2147 μετέχοντα

153 2167 187 2224 P·
195 2164 309 2232 4521023
338 2168 495 2249 βελτίονος
528 2166 657 2253 θρήνων
684 2165 811 2252 πάσχειν
833 2167 905 2246 άξια
934 2171 985 2235 καί
1018 2175 1170 2254 τραγικῶν
1196 2163 1362 2233 άτιολσόειν

252 2275 315 2336 τῶν
324 2268 520 2356 συμφορῶν)
532 2278 593 2337 τῶν
607 2270 781 2357 κρατίστων
793 2269 869 2337 εἶναι
883 2270 976 2353 κάμοί
989 2270 1044 2337 τόν
1058 2267 1277 2354 ἦσόχισνέιλσξε
1290 2272 1361 2352 βίον

252 2368 379 2437 ἐλέσθαι
388 2419 398 2451 ,
425 2378 488 2437 τῶν
500 2378 669 2453 βασιλικῶν
685 2372 828 2462 άφεμένρι
840 2371 994 2459 θεάτρων.
1021 2380 1077 2439 τοῦ
1092 2373 1151 2459 γάρ
1169 2374 1404 2457 ἐρεθίζοντοςνο

253 2476 304 2539 καί
320 2470 425 2558 μάχην
441 2472 608 2541 ἀντίπαλον
626 2474 813 2551 άνιστῶντος
836 2474 893 2539 οὐκ
915 2474 1021 2555 ὄντος,
1049 2472 1235 2540 παύσασθαι
1258 2473 1295 2539 τό
1312 2500 1361 2539 νε-

251 2574 386 2659 μόμενον
399 2584 455 2660 τῆς
472 2577 580 2653 κακίας
593 2575 712 2665 ᾠήθην.
741 2574 818 2643 ὅθεν
832 2576 935 2661 ἐπειδὴ
951 2588 1017 2653 τοῖς
1040 2575 1146 2653 άλλοις
1160 2576 1365 2661 παραινσῦντί

163 2680 312 2762 γ·36ίῐμοι
325 2679 398 2755 τοὺς
412 2680 615 2763 πειθομένους
628 2677 733 2763 ἥκιστ’
749 2678 826 2761 ἔχειν
840 2680 921 2762 ἐνῆν,
950 2677 1072 2744 τὸκατ’
1088 2678 1223 2762 ἐμαυτόν
1238 2680 1369 2745 ἐποίουν

251 2778 355 2858 αὐτός.
382 2778 525 2870 θόρυβον
548 2782 605 2865 μέν
626 2781 686 2869 γὰρ
707 2782 741 2860 ἐξ
761 2778 883 2868 είρήνης
910 2778 1019 2874 ῥᾴδιον
1043 2783 1094 2847 καί
1117 2790 1182 2858 τοῖς
1200 2778 1361 2869 φαυλοτά-

252 3010 318 3064 riom
329 3011 443 3065 obtinet:
460 3012 522 3076 rati,
539 3012 646 3083 opinor,
664 3010 786 3082 quamdiu
796 3010 835 3064 ibi
847 3009 927 3065 futuri
945 3018 1047 3075 esunt,
1064 3028 1140 3080 posse
1155 3029 1185 3065 se
1196 3010 1224 3065 iu
1239 3029 1271 3065 aa
1286 3012 1361 3076 urbe,

272 3097 321 3133 uae
339 3080 447 3133 omnium
465 3082 574 3134 maxime
591 3080 671 3134 totius
684 3080 853 3149 undecunque
872 3081 942 3133 orbis
956 3080 1109 3134 domicilium
1122 3088 1208 3146 esset,
1228 3089 1256 3135 et
1268 3079 1295 3133 in
1308 3098 1361 3151 qua

253 3096 350 3201 dissoni
363 3156 530 3202 versarentur
545 3156 573 3203 et
587 3149 655 3202 rarii
669 3156 720 3201 tam
735 3166 853 3201 sermone
870 3166 947 3219 quam
961 3149 1073 3202 moribus
1087 3150 1210 3214 homines,
1227 3167 1299 3202 εσεω
1313 3166 1360 3202 ne·

254 3217 1241 3341 attatinosostaniconsciliaretur*‘n
1251 3220 1359 3341 alr

165 3374 173 3387 ·
254 3370 314 3406 num
328 3360 369 3407 eat
381 3306 561 3423 plraeteratllrt,
579 3364 606 3408 et
618 3354 642 3407 ei
656 3302 737 3407 soltlm
756 3353 826 3425 parti
839 3355 986 3411 incumbunt
999 3355 1112 3419 diutius,
1129 3307 1196 3426 qtlall
1208 3306 1305 3410 villose
1318 3362 1360 3409 at

253 3438 286 3475 ac
300 3422 419 3491 putrida,
435 3440 518 3492 eaque
530 3424 607 3478 altius
623 3430 748 3476 meaveta
761 3432 910 3477 vescuntur.

324 3494 348 3546 8.
366 3492 469 3545 lllortuo
482 3492 646 3562 imperatore,
663 3510 719 3545 cum
733 3510 776 3545 rea
788 3492 956 3546 Romanorum
969 3494 996 3545 in
1008 3492 1100 3546 bellum
1111 3492 1188 3545 civile
1200 3491 1360 3556 incidiesent,

255 3564 282 3613 et
297 3560 380 3614 omnia
395 3570 514 3629 tanquam
533 3562 617 3613 nimbo
632 3578 664 3613 ac
675 3569 751 3613 nocte
764 3561 803 3614 ita
815 3562 974 3629 caligarent,
991 3569 1021 3615 ut
1031 3579 1083 3632 quo
1097 3561 1206 3631 quisque
1222 3564 1360 3615 veheretur

255 3644 288 3680 ne
299 3644 331 3681 ex
343 3630 420 3681 astris
431 3630 542 3698 quidem,
554 3640 583 3683 ut
594 3628 674 3693 aiunt,
686 3628 779 3683 coniici
790 3638 893 3699 posset3
910 3632 1035 3698 rebusque
1047 3632 1161 3684 onnibua
1172 3647 1271 3684 sursum
1282 3632 1360 3684 deor·

253 3714 309 3749 sum
324 3699 456 3761 euntibus,
473 3708 524 3751 tam
544 3698 654 3751 vicinum
668 3707 738 3751 esset
755 3706 858 3767 tanqua
876 3709 1072 3768 exspectaretur
1085 3700 1208 3764 exitium,
1225 3717 1301 3782 quam
1313 3700 1362 3751 ab·

255 3774 312 3817 erat
324 3783 355 3817 ac
369 3768 554 3853 desperabatur
568 3766 653 3830 τείσας
670 3765 779 3835 (etenim
791 3767 879 3819 lerunt
890 3766 917 3820 in
929 3768 1067 3820 discordiis
1083 3768 1193 3837 pessimo
1204 3785 1298 3888 curque
1311 3769 1362 3821 lte-

254 3850 340 3887 norem
353 3835 490 3899 obvenire;
508 3854 564 3889 curn
580 3844 680 3898 autem,
699 3834 742 3903 qui
756 3835 934 3904 quoquomodo
949 3838 983 3889 ad
999 3837 1105 3889 meliora
1118 3833 1241 3900 inclinat,
1269 3844 1362 3889 σαωσ-

255 3902 354 3955 sissima
367 3904 421 3972 pati
436 3922 466 3955 ao
479 3906 592 3973 tragicae
606 3904 740 3973 percipere
756 3904 943 3973 calamitatem)
964 3923 996 3957 ea
1009 3916 1116 3973 propter
1126 3916 1154 3957 et
1165 3906 1225 3957 mihi
1238 3906 1361 3975 optimum

254 3990 313 4025 esse
329 3973 412 4024 visum
431 3982 472 4025 est
490 3974 651 4042 tranquillam
671 3972 750 4025 vitam
769 3972 880 4039 eligere,
904 3974 937 4026 ab
956 3973 1047 4026 aulicis
1071 3974 1182 4026 theatris
1200 3974 1360 4028 absistendo.

254 4040 362 4093 Sublato
382 4041 448 4093 enim
463 4041 521 4093 mali
535 4042 713 4103 irritamento,
730 4042 887 4109 remotisque
899 4041 942 4105 iis,
961 4059 1028 4111 quae
1047 4042 1229 4095 contentiosam
1249 4059 1360 4112 pugnam

254 4108 412 4173 accendunt,
429 4108 506 4162 etiam
522 4108 603 4178 ipsius
617 4110 677 4163 mali
696 4110 902 4178 progressionem
919 4128 1022 4165 cessare
1036 4110 1192 4163 existimavi.
1228 4112 1293 4164 Cum
1307 4112 1360 4163 ita·

253 4193 304 4244 (pue
317 4178 443 4230 hortando
458 4178 522 4230 alios
539 4178 662 4232 neminem
681 4176 725 4246 qni
742 4178 862 4231 crederet
874 4178 990 4233 invenire
1004 4180 1158 4247 potuissem,
1171 4178 1200 4233 id
1213 4179 1274 4243 leci,
1288 4179 1360 4246 quod

252 4244 279 4296 in
292 4262 332 4299 me
348 4252 414 4299 erat.
449 4247 597 4303 Tumultum
615 4265 707 4319 nempe
726 4264 758 4299 ex
774 4264 839 4318 pace
853 4246 960 4303 allicere
974 4250 1052 4302 etium
1064 4247 1195 4305 vilissiatia
1214 4257 1244 4301 ct
1258 4248 1361 4303 iulium
