3067 4792
290 295 616 370 mouumentum
638 293 1095 368 inerrantium.
1119 309 1150 372 ι’.
1194 291 1292 364 1081

182 461 239 533 κόν
248 487 282 530 τε
299 464 351 528 καλ
365 461 557 549 θεωρητικόν
578 459 743 542 ἐδέξαντο,
771 457 847 529 ὅσον
861 461 882 527 δ
886 460 897 486 ²
913 461 958 538 εἰς
972 462 1125 543 δαίμονας
1137 461 1223 552 φέρει
1239 466 1327 531 enit.
1339 477 1374 530 m.
1388 477 1457 534 6859

182 566 338 642 ἀπωλείας
349 565 455 648 βυθόν
468 564 654 646 diluendae,
678 565 713 631 let
724 570 782 630 τοῶ
792 564 932 648 χείρονος
943 562 979 632 τό
994 575 1133 649 κρεῖττον
1147 593 1293 649 καταμα-
1298 546 1450 672 &2351

183 667 308 749 θόντες,
333 670 386 733 καί
400 668 459 752 τὴν
471 668 593 734 ἐκείνων
606 666 773 734 ἀσθένειαν
784 666 872 750 tegle
887 672 944 733 τοῦ
959 665 1108 749 εάσεβοῶς
1121 668 1289 754 ποιησιίμε-
1297 685 1457 746 lentocm·

152 821 157 830 ·
183 799 233 840 νοι
247 768 356 857 λόγου)
376 769 568 859 ἀνέδραστον
584 761 676 848 οὗτος
689 769 757 855 έσχε
771 769 880 836 λοιπόν
893 769 953 854 τὴν
964 767 1060 852 βόσιν
1072 777 1129 856 τῆς
1140 770 1290 858 γλώττης,
1318 755 1429 810 “⁰²²⁵

163 877 239 942 duel
255 873 382 959 ἀπαγεῖς
396 874 455 950 τάς
469 881 527 940 τοῦ
541 870 635 959 λόγου
649 875 811 959 κρηπῖδας,
835 873 869 938 έν
880 871 958 963 ῶμῶ
972 879 1019 961 τῷ
1032 869 1115 962 τόκῳ
1128 870 1226 962 φόναι
1236 876 1294 955 τὰς
1310 887 1340 940 Ρ.
1352 889 1405 948 679

184 985 243 1064 τῆς
258 976 396 1065 γαστρός
412 973 572 1054 ἀναλύσας
585 975 698 1053 demae
704 1024 716 1056 ,
739 978 790 1042 καλ
805 974 841 1041 τό
854 971 959 1058 κάημα
973 981 1037 1042 τῶν
1050 975 1185 1064 πρῶτων
1198 981 1294 1064 ἐξαμ-

184 1078 316 1165 βλεόσας
329 1087 387 1146 τοῦ
402 1076 496 1166 λόγου
511 1082 678 1164 στοιχείων.
715 1077 763 1144 διό
779 1080 830 1144 καλ
844 1085 927 1144 νοῶν
943 1077 981 1144 οὗ
998 1089 1078 1160 νοεῖ,
1106 1084 1158 1146 καὶ
1169 1083 1294 1164 βλέπων

185 1183 224 1252 οὔ
236 1183 353 1268 βλέπει,
367 1185 419 1249 καὶ
431 1182 490 1268 τὴν
503 1183 674 1268 έγκειμένην
686 1192 757 1257 ταῖς
769 1181 867 1258 λέξεσι
881 1177 1071 1264 βουλόμενος
1081 1185 1154 1266 μέν,
1183 1184 1220 1251 οὐ
1235 1189 1295 1252 δυ·
1403 1257 1407 1262 ,

184 1283 317 1369 νεόμενος
337 1287 387 1367 δέ,
413 1281 637 1372 συναρμόττειν
658 1281 798 1350 διόνοιαν
824 1286 917 1349 έκεῖνο
939 1291 1050 1372 σαφῶς
1070 1283 1232 1354 ἐπεπόνθει
1255 1288 1293 1356 τό

141 1395 178 1452 10
186 1396 242 1456 τοῦ
260 1385 393 1475 Ἰαείρου.
427 1385 469 1453 τό
484 1413 517 1452 τε
532 1387 592 1474 γὰρ
608 1386 688 1454 ἀλλα
709 1382 978 1472 διαπορθμεόουσι
992 1398 1061 1464 ταῖς
1075 1384 1164 1472 ἡμῶν
1183 1390 1293 1469 ἀκοαῖς

185 1492 241 1558 τὸν
256 1486 600 1576 μακρδνδολιχεόοντες
610 1487 725 1576 χρόνον
738 1489 769 1556 οἱ
780 1495 881 1572 μῦθοι
886 1538 898 1570 ,
920 1493 974 1556 καὶ
986 1489 1027 1574 δὴ
1041 1493 1092 1556 καί
1104 1489 1226 1580 ’ίκόρσυ
1242 1506 1321 1560 τι-Β

183 1595 239 1670 νδς
255 1589 466 1678 ὖπομνήματα
487 1592 594 1677 ἔχομεν
611 1594 644 1670 ἐξ
668 1592 792 1658 αὐτῶν·
827 1588 871 1668 ῶς
888 1591 1106 1677 ἐπιθυμήσειεν
1122 1591 1141 1661 ό
1159 1594 1294 1679 μάταιος

184 1703 325 1784 πτερῶν,
352 1698 415 1762 έπελ
427 1693 472 1780 μὴ
487 1692 633 1778 ἒβοόλετο
647 1693 726 1780 μήτε
739 1701 798 1780 γῆν
816 1695 928 1772 ίκεῖνος
943 1695 986 1762 έτι
1002 1707 1128 1763 πατεῖν·
1155 1695 1174 1764 ὃ
1193 1700 1229 1764 δέ
1240 1703 1293 1764 καλ

186 1796 309 1887 φόσεως
331 1794 481 1884 ὖπερόρια
510 1797 564 1863 διδ
583 1795 728 1883 θράσους
748 1799 923 1876 πλεονεξίαν
944 1797 1007 1883 ἤδη
1027 1796 1153 1879 ἐπόθει,
1185 1794 1293 1886 καὶῆν

141 1907 179 1966 15
187 1907 290 1968 ταῦτα
306 1897 417 1988 ίφόδια
431 1899 542 1987 τάνδρὶ
561 1899 703 1987 σφαλερὰ
725 1902 777 1965 καλ
799 1897 941 1985 πρόσωῆ
959 1901 1039 1967 olore
1054 1909 1294 1988 σωφρονοῦντος

185 2003 261 2071 εἶναι
274 2007 383 2070 δοκεῖν.
406 2009 464 2087 τῆς
482 2000 591 2087 ὁμοίας
607 2000 683 2068 εἶναι
698 2005 905 2084 κακοβουλίας
923 2007 1007 2069 δοκῶ
1020 2030 1075 2087 μοι
1081 2053 1093 2082 ,
1117 2008 1169 2071 καὶ
1184 2003 1259 2094 ὅπερ
1274 2003 1292 2073 ὅ

183 2107 389 2192 βαρυδαίμων
402 2104 572 2190 ἄνθρωπος
584 2095 676 2180 οὗτος
690 2103 854 2171 ἐπεπόνθει
867 2105 908 2170 τὰ
925 2112 990 2173 νῦν.
1024 2107 1138 2191 λέληθε
1152 2109 1213 2195 γάρ
1227 2119 1293 2186 τοϊς

183 2207 264 2297 ἀπέρ
284 2206 415 2292 δόναμιν
436 2209 488 2273 καλ
509 2207 604 2285 αάτδς
625 2205 737 2274 ἔαυτόν
755 2205 930 2296 ἐξαρτήσας
961 2209 1051 2298 (λέγω
1075 2209 1115 2294 δὴ
1137 2222 1205 2286 ταῖς
1226 2218 1321 2278 reiro

184 2317 315 2400 γραφῶν
338 2313 508 2392 διανοίαις,
535 2316 598 2376 τῶν
617 2336 651 2378 τι
673 2306 830 2396 ἡμετέρων
852 2316 962 2398 σοφῶν
980 2315 1032 2378 καλ
1048 2317 1113 2378 τῶν
1130 2310 1292 2402 θύραθεν)

142 2413 335 2496 madmena,
364 2413 415 2478 διὰ
440 2415 592 2492 ξενίζοντα
611 2410 722 2500 κρότον
739 2411 878 2494 ἀμαθῶν
892 2414 1011 2496 ἀκοῶν,
1039 2414 1122 2491 ίνίας
1142 2423 1206 2482 τῶν
1222 2411 1294 2482 Ἕλ-

186 2520 320 2602 ληνίδων
334 2512 552 2601 έρανισάμενος
564 2515 695 2596 λέξειαν,
724 2512 774 2592 αἶς
793 2519 862 2602 περὶ
880 2516 920 2582 τῶ
934 2518 1069 2606 σφέτερα
1090 2516 1194 2586 αὐτῶν
1215 2520 1292 2584 letai-

187 2645 235 2688 νοι
254 2618 417 2707 κέχρηνται
432 2615 593 2704 δόγματα,
616 2620 668 2685 καὶ
684 2628 749 2697 τοῖς
762 2621 862 2696 θείοις
877 2618 1012 2698 ἀναιδῶς
1028 2619 1223 2711 παραμιγνδς
1242 2623 1295 2688 καλ

188 2851 257 2922 quod
269 2854 353 2904 eutem
368 2847 402 2902 ed
416 2848 564 2903 daemonum
578 2848 672 2902 cultum
684 2853 713 2903 et
726 2847 880 2918 perditionis
895 2849 1023 2919 gurgitem
1040 2848 1166 2913 duoebet,
1184 2865 1294 2934 respue-

188 2928 256 2974 runt.
291 2919 360 2972 Hinc
379 2935 412 2971 ex
428 2919 512 2988 pelori
527 2918 634 2972 meliora
653 2927 850 2988 pernosceutes,
867 2918 926 2988 ipss
941 2920 1103 2989 profanorum
1119 2917 1296 2974 imbecillitate

207 2989 256 3042 ism
271 2994 298 3041 et
315 2987 466 3041 catholicam
480 2987 623 3041 doctrinam
644 2989 854 3040 corroborarunt.
895 2988 960 3041 Cum
981 3005 1045 3056 ergo
1061 2989 1241 3058 profanarum,
1263 2995 1295 3042 ut

188 3007 239 3111 lem
254 3057 387 3120 dicebam,
405 3055 571 3111 scientiarum
585 3055 659 3108 rudis
674 3059 711 3109 sit
731 3056 862 3121 Polames,
878 3055 1001 3110 instabile
1017 3057 1051 3109 de
1073 3063 1177 3110 caetero
1190 3057 1294 3125 linguae

187 3127 362 3180 fulcimentum
384 3126 492 3187 habuit,
518 3132 546 3177 et
563 3124 667 3178 mincse
686 3124 803 3195 maleque
826 3132 959 3210 compacta
976 3124 1100 3179 emmonis
1118 3125 1292 3179 fundamenta.

189 3197 257 3250 Tum
274 3194 350 3264 qnasi
362 3203 439 3263 partu
451 3193 586 3247 immaturo
604 3195 704 3248 ventris
716 3211 782 3248 nnus
796 3194 963 3265 perterrendo
979 3195 1141 3258 exsolvisset,
1160 3196 1295 3248 ebortivus

207 3267 329 3319 rimorum
348 3263 472 3316 sermonis
493 3263 673 3334 elementorum
694 3265 781 3316 foetus
801 3267 835 3317 eb
855 3266 912 3334 ipso
932 3263 1018 3317 editus
1034 3271 1084 3317 est
1126 3264 1294 3332 Quapropter

187 3330 356 3402 intelligendo
375 3349 424 3384 non
440 3329 577 3400 intelligit,
594 3331 707 3385 videndo
722 3349 772 3385 non
788 3334 876 3386 videte
898 3349 1008 3402 cumque
1022 3349 1122 3385 mesum
1137 3331 1294 3385 dictionibus

187 3418 328 3471 congruum
346 3399 536 3456 accommodare
548 3399 641 3464 vellet,
659 3401 705 3454 sed
725 3417 775 3454 uon
789 3408 896 3471 posset,
918 3402 987 3455 idem
1004 3401 1042 3454 illi
1054 3400 1123 3471 qnod
1135 3399 1195 3454 olim
1207 3399 1294 3466 icero,

188 3480 219 3526 ut
231 3477 318 3541 petet,
336 3470 441 3524 accidit,
483 3471 552 3522 Nem
572 3469 642 3524 inter
659 3469 741 3532 elias,
762 3471 856 3538 quibus
872 3469 1022 3540 iampridem
1036 3487 1111 3523 eures
1126 3475 1231 3522 nostrae
1247 3467 1294 3522 diu

189 3546 386 3612 personuerunt,
399 3538 511 3604 fabulas,
529 3538 595 3592 hanc
610 3553 712 3609 quoque
723 3539 756 3591 de
769 3539 843 3592 lcaro
859 3539 1002 3592 btterarnm
1016 3537 1177 3591 monimentis
1188 3537 1295 3591 mende-

188 3619 241 3662 tem
262 3625 319 3661 esse
336 3607 459 3661 novimus.
494 3608 521 3660 le
537 3608 655 3660 nimirum
674 3623 757 3662 venus
771 3608 862 3671 bomo,
880 3624 937 3660 cum
953 3615 1048 3661 terram
1066 3607 1168 3660 calcare
1186 3607 1295 3676 emplius

189 3679 284 3741 uellet,
309 3677 363 3730 ulus
386 3675 531 3747 expetivit,
558 3684 586 3729 et
602 3677 636 3728 ob
658 3675 760 3730 nimiam
783 3677 957 3730 umeritetem
975 3676 1153 3746 praescriptos
1169 3690 1184 3727 a
1201 3685 1296 3728 natura

189 3746 284 3800 limites
300 3744 430 3804 transilire
447 3745 576 3815 cupiebat.
612 3743 666 3797 Sed
684 3745 760 3799 valde
780 3747 952 3817 perniciosum
969 3745 1066 3798 bomini
1082 3745 1133 3797 luit.
1152 3743 1296 3797 huiusmodi

188 3814 386 3878 adminiculum
411 3815 509 3884 quippe
524 3815 594 3883 quod
606 3813 706 3866 Icarum
725 3814 795 3867 ultre
815 3817 899 3868 terret
912 3829 988 3884 quem
1002 3813 1156 3884 prudentiae
1167 3814 1235 3867 retio
1249 3829 1297 3881 po-

189 3884 288 3938 stulare
308 3883 455 3937 videbatur.
491 3886 580 3952 Aeque
600 3883 634 3936 im
653 3881 754 3936 rudenti
776 3901 808 3937 ec
820 3885 886 3938 malo
901 3883 1007 3937 consilio
1022 3882 1067 3936 bic
1082 3898 1143 3934 uses
1158 3898 1217 3937 csse
1233 3880 1296 3936 mihi

189 3954 295 4008 videtur
311 3951 402 4006 infelix
417 3953 462 4006 ille
474 3952 602 4006 Pelames.
666 3969 696 4004 ec
709 3953 777 4006 enim
797 3971 827 4006 se
841 3952 1025 4006 animadvertit
1038 3951 1072 4004 iis
1088 3967 1118 4004 se
1137 3950 1295 4021 implicasse,

188 4039 258 4092 quae
277 4021 360 4091 ipsius
379 4023 451 4075 vires
469 4021 548 4090 longe
563 4025 696 4090 superant
730 4021 836 4091 Loquor
851 4028 937 4075 entem
957 4022 990 4075 de
1007 4036 1100 4084 mesu,
1118 4021 1165 4088 qni
1180 4018 1297 4090 pbiloso-

187 4093 298 4176 phorum
311 4099 364 4144 tam
383 4091 588 4145 Christienorum
605 4097 660 4142 tum
678 4090 814 4158 gentilium
835 4090 940 4160 scriptis
956 4091 1036 4148 inest.
1068 4088 1170 4142 Deinde
1188 4093 1297 4158 propter

188 4161 367 4244 emperiternm
386 4160 486 4214 sumum
507 4158 659 4212 insolentem
678 4159 795 4228 plausum
820 4161 944 4229 quasdem
963 4156 1139 4214 Graecanicas
1156 4156 1295 4220 dictiones,

188 4232 284 4299 quibus
304 4229 342 4283 illi
363 4229 396 4283 ed
415 4244 521 4282 suorum
540 4228 687 4298 dogmatum
709 4229 893 4298 exponitiouem
913 4227 953 4280 nei
969 4234 1045 4291 suut,
1062 4224 1247 4284 emendicavitc
1267 4231 1296 4278 et

188 4315 235 4354 ees
256 4298 352 4353 divinis
374 4298 469 4352 noemia
493 4297 656 4366 dogmatibus
685 4295 850 4370 impudenter
871 4295 999 4354 meet
1021 4302 1051 4351 et
1071 4293 1172 4354 occulte
1191 4293 1294 4352 tuerit

259 4385 420 4454 αεεεμοιιιι
435 4383 549 4456 ungor.
576 4383 633 4438 vet
647 4383 682 4438 ιι.
1039 4372 1084 4438 69
