3067 4792
261 273 340 370 aia
564 298 804 372 urcuruour
824 282 1069 373 ouuoousu

97 479 170 535 Mi.
183 478 254 535 6856
263 474 320 553 τῆς
335 468 449 544 δειλίας
469 460 571 555 σκότῳ
586 460 914 553 κρυπτόμενονπόθον
938 472 1003 534 τῶν
1025 464 1160 554 όγαθῶν
1180 466 1292 553 ἣκιστα
1310 464 1369 534 δό-

143 550 221 607 hd’l
262 577 382 641 νασθαι
406 574 538 637 συνιδεῖν
553 568 610 653 τὴν
628 574 684 653 τῆς
704 576 783 637 θεοῦ
795 570 970 658 παρρησίας
989 568 1150 656 ἀλήθειαν.
1179 563 1277 659 ᾧγάρ
1289 596 1371 659 προ-

262 672 374 766 φάσεις
396 677 494 758 δῆθεν
518 670 663 759 εὐλόγους
683 669 761 761 δπόρ
783 674 898 749 δειλίας
912 671 1056 741 πλάττειν
1068 675 1114 760 είη
1131 676 1291 755 ἓθίλοντι,
1313 674 1370 739 τδν

173 840 176 847 .
263 780 433 862 ἀκοίμητον
448 776 579 865 οῗομίνῳ
597 773 764 841 λανθάνειν
785 773 954 865 ὀφθαλμόν
969 784 1025 844 τοῦ
1042 784 1138 859 θεοῦ,
1162 778 1276 863 λίληθε
1288 802 1369 863 προ-

264 884 385 970 φανῶςί
393 881 488 957 αὐτὸς
511 876 622 947 ἑαυτὸν
652 878 790 955 (inuitis
815 882 866 945 καί
895 880 976 946 καθ’
999 878 1111 947 ἑαυτοῦ
1127 878 1395 967 στρατευόμενοςὸ

265 986 416 1073 άντικρυς.
452 990 603 1051 τοσοῦτον
628 982 688 1068 γάρ
712 983 868 1071 διαφέρειν
882 984 914 1059 ἐς
929 983 989 1067 τὴν
998 990 1055 1050 τοῦ
1070 986 1244 1070 κρείττονος
1255 994 1372 1069 μοῖραν

234 1089 370 1173 Βοίομαι
390 1088 447 1173 τὴν
472 1085 647 1177 παρρησίαν
674 1086 816 1153 ἐνταῦθα
838 1092 895 1171 τῆς
917 1093 1050 1171 σιωπῆς,
1081 1086 1146 1177 ὅσῳ
1170 1094 1234 1153 τῶν
1259 1088 1293 1151 ix
1315 1092 1373 1171 γῆς

264 1192 428 1283 φυομίνων
443 1187 545 1257 ὁπόσα
561 1189 640 1277 πρὸς
654 1189 691 1254 τδ
707 1189 847 1276 αίθίριον
862 1192 1034 1274 μετεωρίζει
1051 1196 1119 1278 φῶς
1137 1189 1211 1267 τοδς
1234 1190 1373 1277 καρποὺς

264 1302 328 1362 τῶν
351 1295 383 1359 ἐν
403 1304 469 1371 τοῖς
493 1290 620 1369 κόλποις
637 1300 694 1377 τῆς
713 1293 833 1379 μητρὸς
851 1300 908 1381 γῆς
921 1294 1158 1375 ταμιευομένων.
1187 1294 1293 1358 ἐκεῖνοι
1313 1294 1372 1375 μὲν

263 1396 325 1486 γδρ
349 1400 400 1463 καὶ
417 1397 478 1485 πρὸ
499 1394 630 1483 γεύσεως
651 1395 806 1485 ὄσφρησίν
825 1422 859 1463 τε
882 1399 932 1461 καί
957 1396 1126 1483 ὀφθαλμόν
1145 1393 1269 1462 ἑστιῶσι
1288 1402 1370 1478 λοιμ-
1379 1404 1418 1459 10

264 1506 370 1589 πρῶς,
395 1503 445 1568 καλ
454 1500 635 1587 χαρίζονταί
646 1526 678 1587 γε
695 1497 761 1587 ἁφῇ
770 1550 780 1580 ,
799 1501 851 1565 καί
866 1499 1005 1587 τίρψεως
1020 1500 1130 1584 σχεδόν
1148 1496 1272 1584 ἁπάσης
1288 1495 1373 1563 άπά-

264 1630 337 1681 σαις
361 1601 529 1689 αίσθήσεσι
552 1605 687 1689 γίνονται
709 1602 850 1689 ἄγαλμα·
877 1600 997 1669 τούτων
1017 1604 1052 1668 δὲ
1064 1602 1121 1668 οόιι
1131 1598 1324 1689 εὐπρόσοδον
1342 1600 1374 1667 oi

263 1714 401 1775 πλεῖστοι
417 1718 485 1783 ταῖς
500 1702 702 1791 αἰσθήσεσιν,
725 1705 799 1773 οὐδ’
813 1702 925 1792 ἱλαράν
937 1730 971 1771 τε
984 1707 1036 1773 καὶ
1050 1705 1169 1772 ἄλυπον
1181 1710 1374 1793 παραχρῆμα

237 1808 456 1897 Οπροσάγουσι
471 1821 536 1887 τοῖς
548 1805 696 1895 χρῄζουσι
710 1809 768 1893 τὴν
781 1805 901 1874 ἑαυτῶν
916 1808 1019 1896 φορὰν
1028 1857 1039 1889 ,
1064 1808 1137 1873 ἀλλ’
1153 1805 1228 1892 ὅλην
1244 1807 1318 1890 όλης
1330 1804 1375 1884 ὥς

169 1922 202 1979 V.
208 1922 261 1982 419
268 1914 307 1981 τά
322 1914 422 1980 πολλὰ
436 1910 624 2000 δριμότητός
636 1938 670 1979 τε
683 1914 734 1977 καὶ
748 1913 905 1989 δυσωδίας
915 1910 1041 2001 σφόδρα
1059 1908 1245 1993 άπόζσυσαν.
1271 1909 1374 1988 άλλως
1381 1918 1416 1976 16

265 2043 299 2083 τε
323 2020 374 2083 καὶ
393 2014 441 2093 οἷς
457 2016 502 2101 μὴ
527 2013 602 2081 εἶναι
626 2014 804 2103 παρρησίαν
823 2011 910 2099 όμοῦΙ
926 2026 992 2093 τοῖς
1010 2026 1129 2102 καιροῖς
1151 2015 1271 2095 ίπεται,
1297 2010 1374 2079 sosi-
1398 2018 1401 2023 ’

264 2145 332 2196 τοις
347 2116 448 2205 δήπου
464 2120 516 2185 καὶ
529 2115 779 2207 εόπροφάσιστόν
792 2145 862 2184 τινα
872 2114 982 2205 χάραν
995 2118 1163 2206 ἀπολογίας
1175 2122 1219 2195 είς
1231 2114 1376 2204 α’πόδρα-

24 2242 33 2273 ⁸
265 2248 315 2289 σιν
331 2226 509 2302 λείπεσθαι,
540 2228 667 2307 βραχεῖς
679 2247 766 2298 τινας
782 2218 906 2300 πάντως
919 2220 939 2306 ἢ
952 2222 1089 2308 μηδένας
1104 2218 1180 2288 εἶναι
1196 2222 1271 2299 τοδς
1283 2220 1375 2286 ἄντε-

267 2332 400 2413 ροῢντας
416 2324 511 2410 οἶμαι.
538 2323 616 2410 μήτε
630 2326 689 2413 γὰρ
702 2324 889 2414 παρρησίαν,
905 2316 944 2410 ἧς
957 2326 1101 2410 θεμέλιος
1114 2324 1256 2402 ι’ίσειοτος
1268 2350 1376 2412 προει·

232 2434 383 2517 Βληφυΐα
405 2431 520 2516 γίνεται
544 2430 650 2516 φιλία,
676 2434 740 2495 τῶν
762 2425 982 2516 προσηκόντων
1002 2428 1110 2517 πόρρω
1131 2434 1264 2517 καιρῶν,
1294 2425 1417 2512 μήτεξο

263 2532 392 2621 καιροὺς
418 2530 595 2621 παρρησίας
623 2527 771 2615 τυιαάτης
798 2528 871 2597 άνευ
899 2533 1013 2610 ίντελίς
1039 2558 1069 2598 τι
1096 2529 1255 2600 δόνασθαι
1284 2534 1373 2622 δρρν.

264 2634 340 2704 είνοιι
362 2636 422 2723 γάρ
445 2638 496 2701 καί
521 2634 697 2723 παρρησίαν
713 2636 819 2724 φιλίας
828 2632 1098 2722 χωρίςάμαυρόν·
1125 2638 1176 2701 καὶ
1195 2627 1235 2700 ori
1253 2634 1372 2721 καιρόν,

265 2740 388 2831 ἀμφοῖν
404 2742 527 2807 ἐκείνοιν
546 2736 738 2823 λειπόμενον,
762 2741 914 2826 περαίνειν
931 2739 976 2826 μὴ
992 2737 1150 2806 δόνασθαι
1163 2744 1227 2804 τῶν
1242 2734 1376 2805 διόπων

265 2971 367 3027 nescire
379 2988 442 3036 uos,
458 2990 510 3027 uon
526 2990 605 3041 posse
617 2990 729 3028 amorem
740 2972 818 3038 boni,
835 2973 860 3027 si
871 2972 1018 3027 timiditatis
1027 2972 1055 3027 iu
1066 2970 1181 3026 mebris
1199 2970 1375 3037 delitesceret,

265 3042 382 3095 sincerae
401 3042 464 3095 fidei
478 3044 616 3097 veritatem
636 3060 800 3112 cognoscere.
836 3044 964 3096 Nimirum
979 3042 1023 3112 qui
1042 3043 1192 3112 pervigilem
1207 3042 1259 3095 Dei
1275 3040 1377 3095 oourium

266 3128 373 3181 sperone
393 3110 449 3163 fulli
471 3129 547 3181 posse
565 3110 710 3181 speciosum
728 3112 794 3166 velit
810 3111 943 3165 timiditati
961 3130 1024 3165 aueo
1042 3119 1204 3183 praetextum
1224 3112 1377 3179 obtendere,

266 3182 290 3233 is
305 3180 420 3249 sibiipsi
436 3180 584 3249 imprudens
603 3180 764 3235 menifestum
781 3182 889 3235 exitium
905 3181 1042 3245 moliatur,
1059 3192 1088 3235 et
1099 3181 1126 3235 iu
1145 3181 1273 3250 seipsum
1291 3179 1376 3249 poium

267 3266 339 3304 arma
351 3256 494 3302 eonvertat.
519 3251 626 3320 Quippe
639 3251 666 3303 in
687 3250 812 3303 eiusmodi
824 3251 928 3305 casibus
941 3258 1014 3318 tuoto
1028 3250 1234 3304 exoslientiorem
1248 3266 1307 3301 esse
1319 3248 1377 3301 exi-

170 3368 174 3377 ,
266 3318 343 3372 stituo
361 3334 451 3371 vocem
465 3318 583 3383 silentio,
602 3326 699 3389 quanto
715 3336 748 3372 ex
764 3319 800 3372 iis
816 3321 910 3385 rebus,
928 3338 995 3389 quse
1013 3326 1116 3374 eterra
1130 3320 1287 3389 gignuntur,
1303 3316 1376 3381 iliae,

268 3405 336 3457 quoe
348 3387 447 3441 iructus
460 3406 519 3441 auos
529 3389 561 3442 ed
577 3388 643 3442 ossii
654 3389 737 3441 iumen
751 3389 880 3453 attollunt,
897 3390 1101 3460 praestantiores
1114 3389 1228 3451 nuntiis,
1240 3404 1307 3457 quaa
1320 3392 1377 3439 ter-

266 3474 313 3510 roe
325 3458 414 3510 metris
427 3456 453 3509 in
468 3456 524 3511 sinu
535 3457 718 3511 reoouduntur.
735 3458 800 3511 liiee
809 3459 912 3513 soiiioet
924 3458 1058 3512 odoratum
1071 3459 1270 3529 adspectumque
1283 3454 1376 3526 spieu-

267 3526 330 3579 dide
343 3532 456 3596 pascunt
467 3526 545 3581 etium
557 3534 618 3581 oute
669 3532 777 3593 statum,
794 3536 823 3582 et
835 3528 918 3583 tactui
930 3527 1103 3594 blandiuntur,
1119 3535 1148 3581 et
1158 3526 1226 3581 omui
1236 3527 1318 3579 ferme
1330 3541 1377 3576 vo-

267 3594 368 3665 luptate
383 3612 470 3649 omnes
486 3614 577 3650 sensus
598 3597 631 3649 ob
642 3602 737 3651 ectum.
773 3598 872 3651 Harum
885 3613 949 3651 vero
965 3598 1104 3668 plerosque
1118 3616 1167 3651 neo
1179 3596 1282 3649 facilem
1294 3592 1377 3657 aditu,

262 3681 312 3718 που
326 3666 482 3730 iucundum,
500 3682 548 3719 neo
562 3666 741 3719 amaritudinis
756 3672 907 3737 expertem,
923 3667 1036 3720 {ructum
1054 3684 1127 3721 suum
1145 3668 1231 3721 stotim
1248 3662 1378 3733 cupienti-

262 3732 313 3786 bus
326 3735 465 3799 exhibent3
483 3734 528 3787 sed
543 3742 624 3789 totum
638 3742 669 3788 ut
684 3735 818 3805 plurimum
834 3753 919 3790 aorem
938 3741 967 3789 et
983 3737 1182 3819 pnveoieutem.
1217 3738 1256 3789 Ao
1269 3734 1304 3787 iis
1317 3732 1377 3803 qui-

263 3803 338 3866 dem,
355 3820 419 3887 quos
438 3802 482 3856 iliu
502 3803 605 3859 dicendi
625 3804 745 3859 libertute
765 3805 805 3859 uti
821 3806 933 3876 tempori
947 3805 999 3875 ipss
1015 3806 1097 3859 ιιιίοωι
1113 3812 1310 3859 eonsentaneum
1326 3808 1377 3866 est,

261 3872 421 3941 probabilem
441 3874 632 3927 exeusationem
650 3874 780 3943 relinqui,
803 3873 837 3927 ad
857 3892 935 3945 quum
951 3875 1118 3944 confugiant,
1135 3872 1284 3959 paucissimi
1302 3878 1377 3925 eruut

261 3941 368 4010 opinor,
385 3948 430 3995 aut
441 3942 529 4012 potius
543 3943 622 4006 nulii,
639 3944 684 4013 qui
702 3944 857 3998 iufitieutur.
891 3944 950 3999 Neo
963 3946 1032 3998 euim
1044 3944 1148 3998 dioeudr
1164 3944 1287 4006 libertas,
1304 3942 1378 3994 euius

262 4017 305 4063 ast
319 4010 510 4065 fundamentum
529 4012 706 4067 inconcussum
720 4030 752 4066 ea
771 4030 841 4082 quse
857 4013 1004 4067 wteoessit
1020 4014 1149 4075 amicitia,
1166 4014 1263 4081 absque
1281 4026 1379 4080 oppor-

260 4086 324 4133 tuno
338 4086 471 4150 tompore,
496 4098 545 4136 neo
559 4086 661 4151 tempus
681 4088 854 4152 opportunum
870 4084 969 4152 absquo
987 4083 1035 4136 iiia
1054 4083 1159 4137 dicendi
1177 4083 1300 4136 libertate
1318 4084 1379 4149 pot-

261 4156 304 4201 est
323 4150 462 4233 quidquam
480 4150 594 4223 perfecti
614 4152 734 4215 eiiioere;
759 4152 783 4205 si
803 4151 906 4221 quidem
921 4152 980 4235 ipsa
998 4152 1104 4207 dioeudi
1121 4153 1245 4212 libertas,
1265 4148 1290 4200 si
1309 4145 1379 4201 obsit

261 4218 393 4284 amicitis,
410 4219 469 4273 leve
481 4220 602 4291 quiddam
618 4229 646 4274 et
661 4220 736 4275 futile
752 4228 810 4286 est3
826 4228 952 4291 temporis
965 4228 1050 4275 sutem
1064 4219 1262 4292 opportunitas,
1280 4214 1379 4287 duplici

258 4286 306 4343 iilo
322 4288 422 4345 auxilio
437 4288 580 4357 destitute,
597 4289 663 4345 nihii
680 4291 820 4362 quidquam
834 4306 937 4356 eorum,
953 4306 1022 4361 quae
1036 4308 1102 4361 opus
1120 4299 1198 4357 suat,
1214 4292 1303 4361 potest
1316 4300 1379 4357 per·
