3067 4792
271 263 371 340 1016
584 277 823 350 NlCEPHORI
841 277 1086 351 GREGORCE

105 449 132 498 Α.
147 447 181 500 u
193 437 393 528 6859τομῆνη
407 438 464 518 τάς
478 439 639 526 ἐκκλησίας
661 443 767 530 ἐπίχει.
801 442 864 512 Διά
885 439 999 524 πάντες
1016 442 1149 532 ὅμοίως,
1176 443 1257 514 καθ’
1281 443 1319 512 ἀν
1338 442 1378 511 ἀν

150 519 176 569 ¹²
194 521 232 572 '4
272 547 401 644 ἕκαστος
423 541 552 630 δάνηται
568 542 703 632 τρόπον,
730 547 790 626 τὰς
811 548 942 636 φονικὰς
958 560 1066 638 χεῖρας
1088 547 1235 636 ἀλλήλοις
1252 546 1379 614 ἀντεπι-

269 649 407 737 φίρουσι.
435 657 562 734 τραχεῖα
576 649 614 715 δέ
622 676 670 728 τις
683 649 803 738 κραυγὴ
819 659 885 720 τῶν
900 655 933 730 ἐξ
948 653 1125 740 ἀντιλογίας
1143 651 1378 740 παρατριβομέ-

267 778 329 817 νων
351 748 497 834 ἀλλήλοις
521 753 572 816 καί
595 754 657 838 βοὴ
680 753 804 838 ἀσημος
823 757 875 822 καί
898 752 1062 842 δάσκριτος
1080 749 1158 842 ἦχος
1171 757 1206 822 ίκ
1223 762 1289 822 τῶν
1304 755 1376 822 ἀσι·

156 861 188 918 Ρ.
201 867 255 926 639
270 853 373 942 γήτων
392 851 543 940 θορύβων
564 861 668 922 πᾶσαν
686 857 749 942 ἤδη
769 858 879 942 σχεδὸν
900 861 1063 944 ἐκκλησίαν
1084 857 1300 945 πεπλήρωκεν,
1326 859 1401 924 zuis

239 991 242 996 ·
268 956 446 1045 ὑπερβολὰς
464 959 515 1022 καί
529 959 679 1043 ἐλλείψεις
693 960 729 1026 τδ
746 960 839 1037 εάθίς
851 957 955 1046 δόγμα
969 969 1027 1046 τῆς
1046 961 1202 1044 εδσεβείας
1219 985 1379 1048 παρατρε-

269 1059 401 1128 πάντων.
428 1057 485 1138 Εἷς
501 1062 535 1126 δὲ
558 1060 630 1148 ὅρος
650 1065 756 1150 φιλίας
774 1064 812 1130 τδ
824 1063 906 1130 καθ’
920 1063 1037 1150 ἡδονὴν
1052 1068 1145 1132 είπεῖν
1153 1114 1164 1145 ,
1191 1067 1244 1130 καὶ
1259 1063 1380 1152 ἔχθρας

269 1165 410 1252 ἀρκοῦσα
433 1160 591 1250 πρόφασις
607 1165 644 1232 τὸ
656 1166 701 1250 μὴ
716 1173 875 1251 συμβῆναι
888 1178 957 1244 ταῖς
971 1167 1086 1249 δῢαις.
1111 1166 1215 1253 πάσης
1226 1168 1263 1233 δὲ
1275 1189 1378 1234 σανω-

154 1273 189 1330 v.
205 1275 260 1331 516
273 1269 386 1353 μοσίας
415 1265 597 1353 πιστότερον
622 1268 702 1354 πρὸς
723 1271 884 1351 κοινωνίαν
907 1269 1047 1349 στάσεως
1068 1267 1090 1358 ἦ
1114 1278 1172 1338 τοῦ
1191 1267 1380 1358 σφάλματος

269 1368 425 1458 ὅμοιάτης.
464 1369 615 1457 θεολάγος
637 1373 672 1438 δὲ
698 1379 760 1449 πῶς
766 1421 778 1454 ,
805 1375 857 1438 καί
880 1370 1044 1460 ἀμνρίαις
1066 1381 1168 1459 κηλῖσι
1189 1373 1247 1458 τὴν
1268 1374 1377 1458 ψυχὴν
1388 1377 1423 1432 1⁰

240 1477 461 1562 Βστιγματίας.
500 1481 676 1562 Τοιγαροῦν
704 1475 991 1572 αάτοχειροτάνητοι
1017 1478 1076 1554 τάς
1096 1479 1292 1564 προστασίας
1312 1482 1379 1544 τῶν

267 1581 435 1666 ἐκκλησιῶν
452 1577 711 1665 διαλαγχάνουσι,
741 1578 800 1664 τὴν
821 1581 999 1663 οἰκονομίαν
1017 1586 1075 1648 τοῦ
1094 1578 1183 1667 ἀγίοα
1203 1577 1379 1662 πνεάματος

268 1679 507 1770 παρωσάμενοι·
521 1721 527 1734 ,
540 1685 592 1748 καλ
615 1688 775 1760 παντελῶς
791 1680 854 1768 ἤδη
876 1690 940 1750 τῶν
964 1683 1162 1770 εάαγγελικῶν
1188 1689 1318 1764 θεσμῶν
1344 1683 1380 1760 ἐξ

269 1785 424 1870 ἀκοσμίας
445 1785 692 1871 σογκεχαμίνων,
721 1781 888 1869 ἀμάθητος
911 1785 1055 1870 ολθισμδς
1068 1787 1118 1852 inl
1139 1785 1197 1864 τάς
1211 1787 1379 1874 προεδρίας

267 1892 361 1958 ἔστίν.
385 1889 459 1973 Ἐμὲ
474 1890 569 1955 δὲκαὶ
580 1889 618 1954 τὸ
631 1887 824 1975 προφητικὸν
835 1889 929 1955 ἐκεῖνο
944 1886 1186 1976 κάτίχειλάγιον,
1202 1888 1251 1956 δτι
1267 1884 1285 1954 ὅ
1301 1894 1423 1954 σαν-15

268 1994 324 2061 ιῶν
351 1988 555 2075 σιωπήσεται·
589 1987 706 2060 indui
735 1990 844 2078 καιρὸς
866 1991 1003 2078 πονηράς
1029 1995 1132 2074 ἔστιν,
1166 1994 1200 2057 ἓν
1221 1983 1247 2083 ᾧ
1268 1992 1299 2058 oi
1321 1991 1380 2074 μὲν

268 2094 518 2175 δποσκελίζονται
530 2100 604 2175 νῦν,
633 2094 663 2160 oi
680 2095 714 2160 δὲ
730 2093 911 2161 ίνάλλονται
927 2103 972 2184 τῷ
990 2093 1133 2178 πεσόντι,
1161 2094 1251 2162 ἀλλοι
1263 2096 1298 2161 δὲ
1309 2096 1381 2160 ἔπι-

241 2199 453 2285 ὒκροτοῦσιν·
481 2193 498 2262 ὃ
521 2197 556 2262 δέ
570 2193 616 2284 τῶ
633 2193 798 2262 ὀκλάσαι-ιι
817 2209 908 2285 χεῖρα
927 2197 1042 2286 ἀρίγων
1056 2200 1090 2265 ἐκ
1103 2199 1303 2284 συμπαθείας
1321 2197 1380 2264 οὐκ

266 2301 342 2368 ἔστι.
379 2307 446 2386 Τῆς
460 2299 521 2387 γάρ
538 2297 660 2384 ἀγάπης
680 2302 846 2385 poncione,
875 2299 1030 2390 ἀνῄρηται
1050 2303 1108 2385 μίν
1128 2302 1273 2389 ἀδελφῶν
1295 2297 1380 2384 σάμ-

266 2425 377 2470 πνοια·
393 2402 540 2486 ὁμονοίας
554 2404 588 2469 ἀί
600 2402 752 2490 ἀγνοεῖται
766 2407 818 2470 καλ
831 2401 988 2487 τοάνομα·
1007 2403 1179 2493 ἀνῄρηνται
1191 2404 1422 2491 aroannam

267 2509 449 2574 νουθεσίαι·
496 2505 637 2589 οάδαμοῶ
669 2503 845 2591 σπλάγχνον
872 2505 1030 2593 χρηστόν·
1068 2509 1210 2592 οὖδαμοῶ
1241 2503 1379 2594 δάκρυον

266 2610 446 2698 σομπαθίς.
476 2609 640 2678 Ἐντεῦθεν
656 2606 867 2698 ἀσάγγνωστοι
878 2611 936 2695 μὲν
948 2612 1002 2676 καί
1015 2613 1119 2698 πικραί
1139 2608 1297 2696 κάθηνται
1313 2615 1378 2678 τῶν

337 2744 381 2799 10.
399 2734 415 2797 δ
431 2739 479 2796 καλ
490 2759 555 2809 μορ.
575 2744 603 2793 et
615 2742 793 2812 στιγματίσας
810 2739 873 2796 edd.
913 2756 917 2763 ’
955 2743 999 2797 11.
1022 2739 1071 2796 καλ
1088 2741 1295 2813 σποοδαρςίδαι
1312 2738 1376 2795 add.

336 2811 396 2867 edd.
405 2818 466 2882 post
475 2809 646 2880 adauxerant.
699 2811 742 2864 16.
754 2805 786 2865 ir
797 2811 837 2881 τῷ
850 2811 940 2881 καιρῷ
953 2808 1048 2878 ἐκείνῳ
1057 2811 1183 2866 addedd.
1193 2818 1253 2884 post
1262 2803 1377 2865 σανιῶν.

338 2885 381 2938 17.
391 2877 670 2946 άπασκελίζοιιτιεδδ.
722 2883 766 2938 21.
779 2878 902 2950 χρηστόν
913 2880 989 2945 edd,
1005 2879 1178 2949 Χριστιανοό
1190 2897 1282 2950 apogr.
1295 2879 1359 2932 Par.

268 2985 328 3038 dam
343 2983 460 3053 lugubris
472 2999 535 3038 vere
549 2989 576 3038 et
588 2981 672 3037 tristis
683 2981 768 3052 caligo
783 2982 909 3036 ecelesias
921 2987 1041 3054 occupat
1075 2983 1168 3054 quue
1180 3001 1267 3038 omnes
1278 2981 1379 3054 puriter

268 3071 421 3124 quocunque
434 3059 544 3123 possunt
555 3054 629 3106 modo
643 3051 823 3122 parricidiales
836 3069 925 3106 manua
941 3053 991 3106 sibi
1012 3051 1123 3107 invicem
1138 3055 1261 3108 afferunt.
1296 3054 1379 3106 Acer-

188 3147 191 3152 *
268 3121 319 3176 boa
331 3129 417 3176 autern
430 3122 533 3193 quidam
547 3121 642 3175 clamor
656 3137 754 3184 eornm,
772 3120 817 3189 qui
830 3138 880 3191 per
890 3123 1080 3177 contentionem
1091 3123 1162 3176 inter
1173 3141 1203 3177 ae
1220 3121 1380 3193 disceptant,

268 3193 426 3262 confusaque
438 3191 609 3256 vociferatio,
626 3195 653 3243 st
670 3189 835 3243 indistinctus
846 3191 946 3244 sonitus
963 3207 1121 3261 anunqnam
1136 3191 1273 3246 silentibus
1283 3189 1380 3244 tumul-

268 3259 359 3344 tibus,⁸
367 3267 446 3314 totam
460 3277 541 3331 prope
553 3260 602 3312 iam
613 3257 752 3342 ecclesiam
761 3258 954 3345 ‘implevitper
966 3278 1090 3344 excessus
1102 3278 1134 3314 ac
1148 3260 1268 3344 defectus
1278 3265 1379 3343 rectum

268 3329 679 3453 iiiinliiitiiiliii's
698 3327 1150 3468 ciltitssiitiiilinintl
1165 3328 1379 3452 tillidi:

268 3468 408 3522 similitudo
433 3486 477 3522 res
497 3474 538 3522 est
564 3467 659 3538 quavis
681 3466 859 3521 coniuratione
879 3465 980 3521 fidelior
1005 3467 1040 3521 ad
1061 3468 1200 3521 seditionis
1218 3467 1379 3520 societatem.

267 3535 419 3606 Theologus
432 3554 495 3592 vern
508 3537 619 3607 quilibet
630 3544 685 3600 est,
704 3537 806 3590 etiamsi
821 3535 928 3590 maculis
947 3537 1176 3590 innumerabilibus
1192 3535 1379 3590 conscientiam

267 3605 365 3662 habeat
383 3613 506 3660 notatam.
541 3593 635 3676 ltaque
649 3606 693 3676 qui
707 3624 736 3658 se
751 3605 823 3676 ipsos
842 3605 899 3658 suis
916 3604 1020 3674 elegere
1033 3605 1184 3675 suffragiis,
1201 3605 1298 3676 quique
1312 3603 1380 3658 alfe-

267 3681 342 3730 ctant
361 3676 548 3746 principatum,
566 3673 585 3727 ii
602 3675 767 3728 ecclesiarum
789 3675 970 3744 praefecturas
984 3676 1144 3739 sortiuntur,
1167 3675 1275 3745 repulsa
1294 3672 1380 3727 sancti

268 3743 386 3815 Spiritus
399 3743 636 3800 administrationes
653 3743 758 3814 iamque
777 3761 886 3812 prorsus
905 3743 1066 3814 evangelicis
1088 3743 1183 3797 ritibus
1198 3745 1232 3796 ob
1248 3743 1379 3797 sublatum

266 3829 352 3867 rernm
374 3813 489 3868 ordinem
511 3814 645 3877 conlusio,
667 3812 810 3866 ineffabilis
825 3819 867 3866 est
887 3813 920 3866 ad
944 3815 1124 3883 praefecturas
1142 3813 1254 3882 irruptio
1279 3827 1378 3866 eornm.

266 3881 313 3938 Me
325 3900 388 3936 vero
411 3883 488 3936 etiarn
504 3881 566 3935 illud
586 3881 763 3953 propheticum
784 3880 882 3935 dictum
900 3883 1031 3951 reprimit:
1053 3881 1203 3950 intelligens
1215 3881 1243 3935 in
1261 3887 1379 3951 tempore

266 3949 312 4004 illo
330 3951 444 4016 tacebit;
469 3969 500 4006 eo
521 3951 589 4021 quod
610 3959 661 4006 teni
681 3969 711 4005 us
731 3951 822 4004 malum
840 3957 898 4014 est,
920 3951 948 4004 in
961 3969 1012 4022 quo
1025 3951 1070 4004 alii
1083 3951 1186 4021 quidem
1199 3950 1379 4021 supplantant,

266 4017 313 4074 alii
326 4037 389 4074 vcro
403 4021 530 4074 insultant
543 4021 632 4104 lapso,
676 4021 771 4074 iinero
787 4020 962 4091 applauduntr
979 4027 1111 4074 meterem
1125 4019 1172 4090 qui
1191 4021 1264 4090 lapso
1278 4035 1380 4071 manum

266 4105 300 4142 ex
315 4089 491 4143 misericordia
507 4097 641 4161 porrigat,
659 4089 745 4144 nullus
763 4097 812 4143 est
853 4089 1024 4159 Refrigerata
1040 4089 1107 4143 enim
1128 4087 1239 4142 omnium
1259 4087 1380 4153 caritate,

268 4157 371 4212 sublata
388 4166 429 4212 est
449 4160 558 4213 fratrum
579 4159 751 4230 conspiratio,
770 4158 924 4212 concordiae
940 4176 1003 4213 vero
1022 4158 1100 4212 etiam
1116 4175 1209 4211 nonen
1227 4158 1380 4226 ignoratnrr

198 4234 203 4248 ¹
267 4229 386 4282 sublatae
400 4234 561 4283 cantantem
574 4227 652 4282 etiam
667 4229 764 4282 amicae
777 4227 982 4282 admonitiones:
999 4245 1125 4299 nusquam
1138 4227 1242 4280 viscera
1260 4226 1380 4290 humana,

267 4311 393 4369 nusquam
406 4297 514 4355 lacrima
528 4315 562 4354 ex
579 4297 755 4356 condolentia.
789 4296 860 4353 Hinc
873 4297 1051 4371 implacabiles
1064 4303 1093 4352 et
1103 4296 1185 4352 amari
1198 4293 1292 4351 cedent
1304 4309 1380 4348 erra-
