<?xml version="1.0" encoding="UTF-8"?>
<!DOCTYPE html PUBLIC "-//W3C//DTD XHTML 1.0 Transitional//EN"
    "http://www.w3.org/TR/xhtml1/DTD/xhtml1-transitional.dtd">
<html xmlns="http://www.w3.org/1999/xhtml" xml:lang="en" lang="en">
 <head>
  <title>
</title>
<meta http-equiv="Content-Type" content="text/html;charset=utf-8" />
  <meta name='ocr-system' content='tesseract 3.04.00' />
  <meta name='ocr-capabilities' content='ocr_page ocr_carea ocr_par ocr_line ocrx_word'/>
</head>
<body>
  <div class='ocr_page' id='page_1' title='image "./corpusscriptoru38theogoog/corpusscriptoru38theogoog_0198.png"; bbox 0 0 3067 4792; ppageno 0'>
   <div class='ocr_carea' id='block_1_1' title="bbox 272 279 1156 364">
    <p class='ocr_par' dir='ltr' id='par_1_1' title="bbox 272 279 1156 364">
     <span class='ocr_line' id='line_1_1' title="bbox 272 279 1156 364; baseline 0.014 -12"><span class='ocrx_word' id='word_1_1' title='bbox 272 279 350 353; x_wconf 82' lang='lat'>760</span> <span class='ocrx_word' id='word_1_2' title='bbox 587 286 824 359; x_wconf 79' lang='lat' dir='ltr'><strong>NICEPHORI</strong></span> <span class='ocrx_word' id='word_1_3' title='bbox 841 288 1085 364; x_wconf 74' lang='lat' dir='ltr'>Guucoflass</span> <span class='ocrx_word' id='word_1_4' title='bbox 1151 306 1156 314; x_wconf 89' lang='lat'>&#39;</span> 
     </span>
    </p>
   </div>
   <div class='ocr_carea' id='block_1_2' title="bbox 108 448 1421 2811">
    <p class='ocr_par' dir='ltr' id='par_1_2' title="bbox 108 448 1421 2811">
     <span class='ocr_line' id='line_1_2' title="bbox 108 448 1379 546; baseline 0.008 -29"><span class='ocrx_word' id='word_1_5' title='bbox 108 464 138 517; x_wconf 74' lang='grc' dir='ltr'>Δ.</span> <span class='ocrx_word' id='word_1_6' title='bbox 150 462 185 515; x_wconf 75' lang='lat' dir='ltr'>tt.</span> <span class='ocrx_word' id='word_1_7' title='bbox 198 448 537 540; x_wconf 72' lang='grc' dir='ltr'><strong><em>δδὸίάπικροςἌννης</em></strong></span> <span class='ocrx_word' id='word_1_8' title='bbox 550 456 607 535; x_wconf 77' lang='grc' dir='ltr'><strong><em>τῆς</em></strong></span> <span class='ocrx_word' id='word_1_9' title='bbox 619 454 782 535; x_wconf 73' lang='grc' dir='ltr'><strong><em>βασιλίδος</em></strong></span> <span class='ocrx_word' id='word_1_10' title='bbox 806 456 858 521; x_wconf 79' lang='grc' dir='ltr'>καί</span> <span class='ocrx_word' id='word_1_11' title='bbox 871 462 929 522; x_wconf 73' lang='grc' dir='ltr'>τοῦ</span> <span class='ocrx_word' id='word_1_12' title='bbox 951 454 1067 543; x_wconf 86' lang='grc' dir='ltr'><strong><em>ταότης</em></strong></span> <span class='ocrx_word' id='word_1_13' title='bbox 1086 459 1159 526; x_wconf 76' lang='grc' dir='ltr'><strong><em>υἱοῦ</em></strong></span> <span class='ocrx_word' id='word_1_14' title='bbox 1185 457 1245 544; x_wconf 74' lang='grc' dir='ltr'><strong><em>τὴν</em></strong></span> <span class='ocrx_word' id='word_1_15' title='bbox 1264 456 1379 546; x_wconf 80' lang='grc' dir='ltr'><strong><em>ἧγεμο·</em></strong></span> 
     </span>
     <span class='ocr_line' id='line_1_3' title="bbox 141 526 1378 648; baseline 0.006 -24"><span class='ocrx_word' id='word_1_16' title='bbox 141 534 193 585; x_wconf 78' lang='lat' dir='ltr'>lod</span> <span class='ocrx_word' id='word_1_17' title='bbox 205 526 241 590; x_wconf 68' lang='lat'>¹4</span> <span class='ocrx_word' id='word_1_18' title='bbox 273 556 359 642; x_wconf 78' lang='grc' dir='ltr'><strong><em>νικὴν</em></strong></span> <span class='ocrx_word' id='word_1_19' title='bbox 373 557 523 635; x_wconf 70' lang='grc' dir='ltr'><strong><em>ἐξουσίαν.</em></strong></span> <span class='ocrx_word' id='word_1_20' title='bbox 551 555 599 621; x_wconf 85' lang='grc' dir='ltr'>διδ</span> <span class='ocrx_word' id='word_1_21' title='bbox 616 557 667 621; x_wconf 83' lang='grc' dir='ltr'>καί</span> <span class='ocrx_word' id='word_1_22' title='bbox 683 556 881 644; x_wconf 76' lang='grc' dir='ltr'><strong><em>πεπράχαμεν</em></strong></span> <span class='ocrx_word' id='word_1_23' title='bbox 897 559 993 648; x_wconf 82' lang='grc' dir='ltr'><strong><em>άμφω</em></strong></span> <span class='ocrx_word' id='word_1_24' title='bbox 1008 562 1101 629; x_wconf 85' lang='grc' dir='ltr'><strong><em>πλίον</em></strong></span> <span class='ocrx_word' id='word_1_25' title='bbox 1112 562 1214 643; x_wconf 68' lang='lat' dir='ltr'>sotto,</span> <span class='ocrx_word' id='word_1_26' title='bbox 1235 561 1257 647; x_wconf 82' lang='grc' dir='ltr'>ἢ</span> <span class='ocrx_word' id='word_1_27' title='bbox 1274 571 1378 631; x_wconf 80' lang='grc' dir='ltr'><strong><em>πᾶσαν</em></strong></span> 
     </span>
     <span class='ocr_line' id='line_1_4' title="bbox 272 656 1377 749; baseline 0.005 -22"><span class='ocrx_word' id='word_1_28' title='bbox 272 663 417 747; x_wconf 75' lang='grc' dir='ltr'>ἐκτρῖψαι</span> <span class='ocrx_word' id='word_1_29' title='bbox 430 656 590 741; x_wconf 86' lang='grc' dir='ltr'><strong><em>Ῥωμαίων</em></strong></span> <span class='ocrx_word' id='word_1_30' title='bbox 612 656 710 745; x_wconf 89' lang='grc' dir='ltr'><strong><em>ι’ίρδην</em></strong></span> <span class='ocrx_word' id='word_1_31' title='bbox 725 662 831 744; x_wconf 83' lang='grc' dir='ltr'><strong><em>ίσχδν,</em></strong></span> <span class='ocrx_word' id='word_1_32' title='bbox 855 666 907 727; x_wconf 86' lang='grc' dir='ltr'>καί</span> <span class='ocrx_word' id='word_1_33' title='bbox 924 664 1014 749; x_wconf 84' lang='grc' dir='ltr'><strong><em>μίχρι</em></strong></span> <span class='ocrx_word' id='word_1_34' title='bbox 1034 669 1187 748; x_wconf 85' lang='grc' dir='ltr'><strong><em>θεμελίων</em></strong></span> <span class='ocrx_word' id='word_1_35' title='bbox 1201 665 1305 732; x_wconf 76' lang='grc' dir='ltr'><strong><em>αὐτῶν</em></strong></span> <span class='ocrx_word' id='word_1_36' title='bbox 1318 693 1377 732; x_wconf 89' lang='grc' dir='ltr'><strong><em>κα-</em></strong></span> 
     </span>
     <span class='ocr_line' id='line_1_5' title="bbox 244 760 1377 855; baseline 0.004 -23"><span class='ocrx_word' id='word_1_37' title='bbox 244 770 376 832; x_wconf 75' lang='grc' dir='ltr'><strong><em>Βθελεΐν</em></strong></span> <span class='ocrx_word' id='word_1_38' title='bbox 383 812 394 844; x_wconf 96' lang='grc'><strong><em>,</em></strong></span> <span class='ocrx_word' id='word_1_39' title='bbox 420 760 452 827; x_wconf 84' lang='grc' dir='ltr'>εί</span> <span class='ocrx_word' id='word_1_40' title='bbox 460 763 493 826; x_wconf 90' lang='grc' dir='ltr'><strong><em>τί</em></strong></span> <span class='ocrx_word' id='word_1_41' title='bbox 507 787 567 827; x_wconf 88' lang='grc' dir='ltr'><strong><em>που</em></strong></span> <span class='ocrx_word' id='word_1_42' title='bbox 585 768 732 848; x_wconf 81' lang='grc' dir='ltr'><strong><em>χρηστῶν</em></strong></span> <span class='ocrx_word' id='word_1_43' title='bbox 752 766 886 831; x_wconf 84' lang='grc' dir='ltr'><strong><em>ἐλπίδων</em></strong></span> <span class='ocrx_word' id='word_1_44' title='bbox 898 776 965 843; x_wconf 84' lang='grc' dir='ltr'><strong><em>τοῖς</em></strong></span> <span class='ocrx_word' id='word_1_45' title='bbox 976 765 1135 855; x_wconf 72' lang='grc' dir='ltr'><strong><em>πράγμασι</em></strong></span> <span class='ocrx_word' id='word_1_46' title='bbox 1149 769 1303 835; x_wconf 72' lang='grc' dir='ltr'><strong><em>λέλειπται</em></strong></span> <span class='ocrx_word' id='word_1_47' title='bbox 1316 767 1377 849; x_wconf 79' lang='grc' dir='ltr'>ζά-</span> 
     </span>
     <span class='ocr_line' id='line_1_6' title="bbox 271 864 1401 959; baseline 0.003 -26"><span class='ocrx_word' id='word_1_48' title='bbox 271 892 381 953; x_wconf 80' lang='grc' dir='ltr'><strong><em>πυροι.</em></strong></span> <span class='ocrx_word' id='word_1_49' title='bbox 402 874 468 941; x_wconf 85' lang='grc' dir='ltr'><strong><em>τοίς</em></strong></span> <span class='ocrx_word' id='word_1_50' title='bbox 481 865 540 951; x_wconf 83' lang='grc' dir='ltr'><strong><em>γὰρ</em></strong></span> <span class='ocrx_word' id='word_1_51' title='bbox 555 864 766 949; x_wconf 74' lang='grc' dir='ltr'><strong><em>ἀνθρωπίναις</em></strong></span> <span class='ocrx_word' id='word_1_52' title='bbox 779 867 935 955; x_wconf 83' lang='grc' dir='ltr'><strong><em>άναρτῶσι</em></strong></span> <span class='ocrx_word' id='word_1_53' title='bbox 947 870 985 935; x_wconf 82' lang='grc' dir='ltr'>τὸ</span> <span class='ocrx_word' id='word_1_54' title='bbox 998 878 1061 935; x_wconf 78' lang='grc' dir='ltr'>πᾶν</span> <span class='ocrx_word' id='word_1_55' title='bbox 1073 874 1219 947; x_wconf 72' lang='grc' dir='ltr'><strong><em>ἐπινοίαις</em></strong></span> <span class='ocrx_word' id='word_1_56' title='bbox 1231 872 1265 949; x_wconf 77' lang='grc' dir='ltr'>ἐξ</span> <span class='ocrx_word' id='word_1_57' title='bbox 1275 870 1401 959; x_wconf 70' lang='grc' dir='ltr'><strong><em>ἁγίου-5</em></strong></span> 
     </span>
     <span class='ocr_line' id='line_1_7' title="bbox 272 966 1378 1059; baseline 0.005 -24"><span class='ocrx_word' id='word_1_58' title='bbox 272 973 342 1047; x_wconf 88' lang='grc' dir='ltr'><strong><em>λίας</em></strong></span> <span class='ocrx_word' id='word_1_59' title='bbox 372 970 403 1045; x_wconf 85' lang='grc' dir='ltr'><strong><em>ἐς</em></strong></span> <span class='ocrx_word' id='word_1_60' title='bbox 433 966 581 1045; x_wconf 73' lang='grc' dir='ltr'><strong><em>τοιαύτας</em></strong></span> <span class='ocrx_word' id='word_1_61' title='bbox 603 970 824 1055; x_wconf 85' lang='grc' dir='ltr'><strong><em>κατενηνίχθαι</em></strong></span> <span class='ocrx_word' id='word_1_62' title='bbox 850 978 948 1059; x_wconf 80' lang='grc' dir='ltr'><strong><em>κῆρας</em></strong></span> <span class='ocrx_word' id='word_1_63' title='bbox 980 971 1070 1039; x_wconf 79' lang='grc' dir='ltr'><strong><em>οάδέν</em></strong></span> <span class='ocrx_word' id='word_1_64' title='bbox 1099 974 1224 1051; x_wconf 87' lang='grc' dir='ltr'><strong><em>άπεαιδς</em></strong></span> <span class='ocrx_word' id='word_1_65' title='bbox 1248 972 1296 1039; x_wconf 85' lang='grc' dir='ltr'>ότι</span> <span class='ocrx_word' id='word_1_66' title='bbox 1330 974 1378 1059; x_wconf 71' lang='grc' dir='ltr'>μὴ</span> 
     </span>
     <span class='ocr_line' id='line_1_8' title="bbox 273 1067 1377 1171; baseline 0.004 -33"><span class='ocrx_word' id='word_1_67' title='bbox 273 1076 325 1171; x_wconf 71' lang='grc' dir='ltr'><strong><em>κριὲ</em></strong></span> <span class='ocrx_word' id='word_1_68' title='bbox 340 1076 386 1160; x_wconf 76' lang='grc' dir='ltr'>τῷ</span> <span class='ocrx_word' id='word_1_69' title='bbox 401 1072 478 1161; x_wconf 82' lang='grc' dir='ltr'><strong><em>θείῳ</em></strong></span> <span class='ocrx_word' id='word_1_70' title='bbox 490 1067 578 1154; x_wconf 83' lang='grc' dir='ltr'><strong><em>μάλα</em></strong></span> <span class='ocrx_word' id='word_1_71' title='bbox 591 1079 747 1159; x_wconf 83' lang='grc' dir='ltr'><strong><em>προσῆκον</em></strong></span> <span class='ocrx_word' id='word_1_72' title='bbox 760 1079 878 1162; x_wconf 79' lang='grc' dir='ltr'><strong><em>σκοπῷ,</em></strong></span> <span class='ocrx_word' id='word_1_73' title='bbox 899 1082 1028 1159; x_wconf 88' lang='grc' dir='ltr'><strong><em>χαλινον</em></strong></span> <span class='ocrx_word' id='word_1_74' title='bbox 1040 1078 1097 1159; x_wconf 89' lang='grc' dir='ltr'>μέν</span> <span class='ocrx_word' id='word_1_75' title='bbox 1111 1077 1275 1142; x_wconf 70' lang='grc' dir='ltr'><strong><em>ἐπιτιθέντι</em></strong></span> <span class='ocrx_word' id='word_1_76' title='bbox 1289 1083 1377 1163; x_wconf 79' lang='grc' dir='ltr'><strong><em>σαφῆ</em></strong></span> 
     </span>
     <span class='ocr_line' id='line_1_9' title="bbox 272 1174 1378 1268; baseline 0.004 -27"><span class='ocrx_word' id='word_1_77' title='bbox 272 1202 313 1265; x_wconf 82' lang='grc' dir='ltr'>τη</span> <span class='ocrx_word' id='word_1_78' title='bbox 332 1181 394 1241; x_wconf 83' lang='grc' dir='ltr'>τῶν</span> <span class='ocrx_word' id='word_1_79' title='bbox 408 1174 614 1262; x_wconf 76' lang='grc' dir='ltr'><strong><em>ἀνθρωπίνων</em></strong></span> <span class='ocrx_word' id='word_1_80' title='bbox 628 1180 782 1261; x_wconf 77' lang='grc' dir='ltr'><strong><em>λογισμῶν</em></strong></span> <span class='ocrx_word' id='word_1_81' title='bbox 795 1176 970 1268; x_wconf 73' lang='grc' dir='ltr'><strong><em>αὐθαδείᾳ,</em></strong></span> <span class='ocrx_word' id='word_1_82' title='bbox 998 1181 1201 1244; x_wconf 87' lang='grc' dir='ltr'><strong><em>διδασκαλίαν</em></strong></span> <span class='ocrx_word' id='word_1_83' title='bbox 1214 1182 1234 1245; x_wconf 92' lang='grc' dir='ltr'><strong><em>δ</em></strong></span> <span class='ocrx_word' id='word_1_84' title='bbox 1237 1179 1246 1203; x_wconf 90' lang='lat'>’</span> <span class='ocrx_word' id='word_1_85' title='bbox 1264 1181 1378 1265; x_wconf 76' lang='grc' dir='ltr'><strong><em>ἐναργῆ</em></strong></span> 
     </span>
     <span class='ocr_line' id='line_1_10' title="bbox 273 1274 1377 1369; baseline 0.003 -25"><span class='ocrx_word' id='word_1_86' title='bbox 273 1279 326 1345; x_wconf 82' lang='grc' dir='ltr'>διδ</span> <span class='ocrx_word' id='word_1_87' title='bbox 340 1283 397 1363; x_wconf 78' lang='grc' dir='ltr'><strong><em>τῆς</em></strong></span> <span class='ocrx_word' id='word_1_88' title='bbox 409 1284 472 1344; x_wconf 82' lang='grc' dir='ltr'>τῶν</span> <span class='ocrx_word' id='word_1_89' title='bbox 488 1274 677 1363; x_wconf 79' lang='grc' dir='ltr'><strong><em>πραγμάτων</em></strong></span> <span class='ocrx_word' id='word_1_90' title='bbox 691 1281 798 1366; x_wconf 90' lang='grc' dir='ltr'><strong><em>πείρας</em></strong></span> <span class='ocrx_word' id='word_1_91' title='bbox 809 1287 985 1367; x_wconf 82' lang='grc' dir='ltr'><strong><em>περιφανῶς</em></strong></span> <span class='ocrx_word' id='word_1_92' title='bbox 1000 1291 1065 1357; x_wconf 79' lang='grc' dir='ltr'><strong><em>τοῖς</em></strong></span> <span class='ocrx_word' id='word_1_93' title='bbox 1080 1284 1190 1369; x_wconf 75' lang='grc' dir='ltr'><strong><em>ἐφεξῆς</em></strong></span> <span class='ocrx_word' id='word_1_94' title='bbox 1203 1284 1295 1348; x_wconf 79' lang='lat' dir='ltr'>nisius</span> <span class='ocrx_word' id='word_1_95' title='bbox 1314 1308 1377 1347; x_wconf 87' lang='grc' dir='ltr'>πα-</span> 
     </span>
     <span class='ocr_line' id='line_1_11' title="bbox 241 1377 1421 1471; baseline -0.001 -23"><span class='ocrx_word' id='word_1_96' title='bbox 241 1382 483 1471; x_wconf 79' lang='grc' dir='ltr'><strong><em>Εραπίμποντι·</em></strong></span> <span class='ocrx_word' id='word_1_97' title='bbox 511 1377 553 1456; x_wconf 79' lang='grc' dir='ltr'><strong><em>ὡς</em></strong></span> <span class='ocrx_word' id='word_1_98' title='bbox 565 1378 638 1464; x_wconf 81' lang='grc' dir='ltr'><strong><em>ἧμΐν</em></strong></span> <span class='ocrx_word' id='word_1_99' title='bbox 653 1382 692 1449; x_wconf 85' lang='grc' dir='ltr'><strong><em>τδ</em></strong></span> <span class='ocrx_word' id='word_1_100' title='bbox 704 1388 761 1466; x_wconf 82' lang='grc' dir='ltr'><strong><em>τῆς</em></strong></span> <span class='ocrx_word' id='word_1_101' title='bbox 774 1385 943 1467; x_wconf 89' lang='grc' dir='ltr'><strong><em>παροιμίας</em></strong></span> <span class='ocrx_word' id='word_1_102' title='bbox 955 1382 1098 1471; x_wconf 76' lang='grc' dir='ltr'><strong><em>ἄντικρυς</em></strong></span> <span class='ocrx_word' id='word_1_103' title='bbox 1109 1386 1289 1467; x_wconf 79' lang='grc' dir='ltr'><strong><em>συμβαίνειν</em></strong></span> <span class='ocrx_word' id='word_1_104' title='bbox 1299 1387 1377 1451; x_wconf 86' lang='grc' dir='ltr'><strong><em>ἐκεί-</em></strong></span> <span class='ocrx_word' id='word_1_105' title='bbox 1385 1402 1421 1458; x_wconf 79' lang='grc' dir='ltr'><strong><em>ω</em></strong></span> 
     </span>
     <span class='ocr_line' id='line_1_12' title="bbox 273 1480 1378 1574; baseline 0.003 -24"><span class='ocrx_word' id='word_1_106' title='bbox 273 1511 349 1571; x_wconf 79' lang='grc' dir='ltr'><strong><em>νης,</em></strong></span> <span class='ocrx_word' id='word_1_107' title='bbox 371 1481 390 1569; x_wconf 83' lang='grc' dir='ltr'><strong><em>ἦ</em></strong></span> <span class='ocrx_word' id='word_1_108' title='bbox 411 1482 549 1568; x_wconf 80' lang='grc' dir='ltr'><strong><em>κάμηλος</em></strong></span> <span class='ocrx_word' id='word_1_109' title='bbox 567 1482 741 1574; x_wconf 75' lang='grc' dir='ltr'><strong><em>(λεγούσης)</em></strong></span> <span class='ocrx_word' id='word_1_110' title='bbox 762 1484 999 1569; x_wconf 81' lang='grc' dir='ltr'><strong><em>ἐπιθυμιάσασα</em></strong></span> <span class='ocrx_word' id='word_1_111' title='bbox 1014 1485 1150 1574; x_wconf 87' lang='grc' dir='ltr'><strong><em>κεράτων</em></strong></span> <span class='ocrx_word' id='word_1_112' title='bbox 1173 1490 1225 1553; x_wconf 85' lang='grc' dir='ltr'>καί</span> <span class='ocrx_word' id='word_1_113' title='bbox 1247 1486 1287 1552; x_wconf 84' lang='grc' dir='ltr'>τά</span> <span class='ocrx_word' id='word_1_114' title='bbox 1312 1480 1378 1553; x_wconf 63' lang='lat' dir='ltr'>sisu</span> 
     </span>
     <span class='ocr_line' id='line_1_13' title="bbox 273 1585 1379 1676; baseline 0.001 -22"><span class='ocrx_word' id='word_1_115' title='bbox 273 1585 522 1675; x_wconf 80' lang='grc' dir='ltr'><strong><em>προσαπώλεσεν.</em></strong></span> <span class='ocrx_word' id='word_1_116' title='bbox 553 1587 812 1672; x_wconf 87' lang='grc' dir='ltr'><strong><em>ἐπιθυμιάσαντες</em></strong></span> <span class='ocrx_word' id='word_1_117' title='bbox 830 1589 891 1675; x_wconf 79' lang='grc' dir='ltr'><strong><em>γάρ</em></strong></span> <span class='ocrx_word' id='word_1_118' title='bbox 911 1593 964 1654; x_wconf 84' lang='grc' dir='ltr'>καί</span> <span class='ocrx_word' id='word_1_119' title='bbox 984 1590 1075 1657; x_wconf 76' lang='grc' dir='ltr'><strong><em>αὐτοὶ</em></strong></span> <span class='ocrx_word' id='word_1_120' title='bbox 1096 1588 1190 1674; x_wconf 80' lang='grc' dir='ltr'><strong><em>δόξης</em></strong></span> <span class='ocrx_word' id='word_1_121' title='bbox 1208 1592 1260 1656; x_wconf 82' lang='grc' dir='ltr'>καί</span> <span class='ocrx_word' id='word_1_122' title='bbox 1281 1589 1379 1676; x_wconf 85' lang='grc' dir='ltr'><strong><em>τόχης</em></strong></span> 
     </span>
     <span class='ocr_line' id='line_1_14' title="bbox 273 1688 1377 1777; baseline 0.002 -20"><span class='ocrx_word' id='word_1_123' title='bbox 273 1693 430 1775; x_wconf 84' lang='grc' dir='ltr'><strong><em>μείζονος,</em></strong></span> <span class='ocrx_word' id='word_1_124' title='bbox 457 1692 509 1757; x_wconf 83' lang='grc' dir='ltr'>καί</span> <span class='ocrx_word' id='word_1_125' title='bbox 535 1690 641 1777; x_wconf 90' lang='grc' dir='ltr'><strong><em>καιρδν</em></strong></span> <span class='ocrx_word' id='word_1_126' title='bbox 661 1690 737 1775; x_wconf 74' lang='grc' dir='ltr'><strong><em>ἔχειν</em></strong></span> <span class='ocrx_word' id='word_1_127' title='bbox 761 1688 898 1777; x_wconf 73' lang='grc' dir='ltr'><strong><em>ἑκάτεροι</em></strong></span> <span class='ocrx_word' id='word_1_128' title='bbox 917 1690 1061 1770; x_wconf 77' lang='grc' dir='ltr'><strong><em>δόξαντες</em></strong></span> <span class='ocrx_word' id='word_1_129' title='bbox 1079 1694 1208 1758; x_wconf 81' lang='grc' dir='ltr'><strong><em>ἐκτεῖναι</em></strong></span> <span class='ocrx_word' id='word_1_130' title='bbox 1227 1693 1300 1769; x_wconf 73' lang='lat' dir='ltr'>roric</span> <span class='ocrx_word' id='word_1_131' title='bbox 1315 1699 1377 1759; x_wconf 82' lang='grc' dir='ltr'>τῶν</span> 
     </span>
     <span class='ocr_line' id='line_1_15' title="bbox 270 1792 1379 1881; baseline -0.002 -18"><span class='ocrx_word' id='word_1_132' title='bbox 270 1792 430 1878; x_wconf 82' lang='grc' dir='ltr'><strong><em>Ῥωμαίων</em></strong></span> <span class='ocrx_word' id='word_1_133' title='bbox 447 1792 539 1881; x_wconf 78' lang='grc' dir='ltr'><strong><em>ὅρους</em></strong></span> <span class='ocrx_word' id='word_1_134' title='bbox 548 1844 559 1874; x_wconf 97' lang='grc'><strong><em>,</em></strong></span> <span class='ocrx_word' id='word_1_135' title='bbox 581 1795 707 1861; x_wconf 82' lang='grc' dir='ltr'><strong><em>καὶτῶν</em></strong></span> <span class='ocrx_word' id='word_1_136' title='bbox 723 1792 822 1861; x_wconf 83' lang='grc' dir='ltr'><strong><em>όντων</em></strong></span> <span class='ocrx_word' id='word_1_137' title='bbox 834 1795 1013 1879; x_wconf 56' lang='lat' dir='ltr'>dilatante·</span> <span class='ocrx_word' id='word_1_138' title='bbox 1040 1793 1099 1860; x_wconf 86' lang='grc' dir='ltr'>κάκ</span> <span class='ocrx_word' id='word_1_139' title='bbox 1116 1798 1273 1861; x_wconf 87' lang='grc' dir='ltr'><strong><em>πλουσίων</em></strong></span> <span class='ocrx_word' id='word_1_140' title='bbox 1284 1796 1379 1880; x_wconf 82' lang='grc' dir='ltr'><strong><em>πίνη-</em></strong></span> 
     </span>
     <span class='ocr_line' id='line_1_16' title="bbox 272 1894 1419 1985; baseline 0.003 -22"><span class='ocrx_word' id='word_1_141' title='bbox 272 1923 341 1978; x_wconf 90' lang='grc' dir='ltr'><strong><em>τες,</em></strong></span> <span class='ocrx_word' id='word_1_142' title='bbox 365 1898 423 1977; x_wconf 79' lang='grc' dir='ltr'>κάξ</span> <span class='ocrx_word' id='word_1_143' title='bbox 448 1894 579 1975; x_wconf 72' lang='grc' dir='ltr'><strong><em>ἐνδόξων</em></strong></span> <span class='ocrx_word' id='word_1_144' title='bbox 599 1895 706 1975; x_wconf 84' lang='grc' dir='ltr'><strong><em>άδοξοι</em></strong></span> <span class='ocrx_word' id='word_1_145' title='bbox 723 1894 925 1982; x_wconf 76' lang='grc' dir='ltr'><strong><em>γεγενήμεθα</em></strong></span> <span class='ocrx_word' id='word_1_146' title='bbox 952 1896 974 1963; x_wconf 79' lang='grc' dir='ltr'><em>ἃ</em></span> <span class='ocrx_word' id='word_1_147' title='bbox 997 1900 1102 1964; x_wconf 81' lang='grc' dir='ltr'><strong><em>τοίνυν</em></strong></span> <span class='ocrx_word' id='word_1_148' title='bbox 1124 1900 1217 1985; x_wconf 78' lang='grc' dir='ltr'><strong><em>ἐχρῆν</em></strong></span> <span class='ocrx_word' id='word_1_149' title='bbox 1233 1894 1308 1982; x_wconf 71' lang='grc' dir='ltr'><strong><em>ἡμῖν</em></strong></span> <span class='ocrx_word' id='word_1_150' title='bbox 1321 1901 1373 1965; x_wconf 88' lang='grc' dir='ltr'>καί</span> <span class='ocrx_word' id='word_1_151' title='bbox 1383 1910 1419 1967; x_wconf 77' lang='lat'>15</span> 
     </span>
     <span class='ocr_line' id='line_1_17' title="bbox 244 1996 1378 2089; baseline 0.004 -26"><span class='ocrx_word' id='word_1_152' title='bbox 244 2003 467 2067; x_wconf 72' lang='grc' dir='ltr'><strong><em>Ὲδιαναεΐσθαι</em></strong></span> <span class='ocrx_word' id='word_1_153' title='bbox 487 2002 539 2065; x_wconf 83' lang='grc' dir='ltr'>καί</span> <span class='ocrx_word' id='word_1_154' title='bbox 560 2002 640 2089; x_wconf 78' lang='grc' dir='ltr'>δρᾷν</span> <span class='ocrx_word' id='word_1_155' title='bbox 657 1996 733 2086; x_wconf 81' lang='grc' dir='ltr'>δπέρ</span> <span class='ocrx_word' id='word_1_156' title='bbox 755 2007 812 2065; x_wconf 80' lang='grc' dir='ltr'>τοῦ</span> <span class='ocrx_word' id='word_1_157' title='bbox 835 2006 920 2087; x_wconf 79' lang='grc' dir='ltr'><strong><em>κοινῇ</em></strong></span> <span class='ocrx_word' id='word_1_158' title='bbox 944 2001 1173 2087; x_wconf 74' lang='grc' dir='ltr'><strong><em>συμφέροντος,</em></strong></span> <span class='ocrx_word' id='word_1_159' title='bbox 1196 2004 1269 2088; x_wconf 76' lang='grc' dir='ltr'><strong><em>πρὶν</em></strong></span> <span class='ocrx_word' id='word_1_160' title='bbox 1281 1999 1303 2084; x_wconf 75' lang='grc' dir='ltr'>ἢ</span> <span class='ocrx_word' id='word_1_161' title='bbox 1316 2027 1378 2067; x_wconf 79' lang='lat' dir='ltr'>un·</span> 
     </span>
     <span class='ocr_line' id='line_1_18' title="bbox 271 2099 1377 2194; baseline -0.001 -23"><span class='ocrx_word' id='word_1_162' title='bbox 271 2110 353 2184; x_wconf 86' lang='grc' dir='ltr'><strong><em>θεΐν,</em></strong></span> <span class='ocrx_word' id='word_1_163' title='bbox 373 2102 434 2185; x_wconf 69' lang='lat' dir='ltr'>duta*</span> <span class='ocrx_word' id='word_1_164' title='bbox 447 2108 538 2189; x_wconf 78' lang='grc' dir='ltr'><strong><em>γοῦν,</em></strong></span> <span class='ocrx_word' id='word_1_165' title='bbox 558 2099 637 2185; x_wconf 81' lang='grc' dir='ltr'><strong><em>μετά</em></strong></span> <span class='ocrx_word' id='word_1_166' title='bbox 650 2102 686 2167; x_wconf 83' lang='grc' dir='ltr'>τό</span> <span class='ocrx_word' id='word_1_167' title='bbox 702 2108 827 2183; x_wconf 78' lang='grc' dir='ltr'><strong><em>παθεῖν,</em></strong></span> <span class='ocrx_word' id='word_1_168' title='bbox 850 2103 937 2180; x_wconf 76' lang='grc' dir='ltr'><strong><em>ἄξιον</em></strong></span> <span class='ocrx_word' id='word_1_169' title='bbox 949 2107 1000 2169; x_wconf 84' lang='grc' dir='ltr'>καί</span> <span class='ocrx_word' id='word_1_170' title='bbox 1009 2100 1209 2171; x_wconf 68' lang='grc' dir='ltr'><strong><em>’διανοεῖσθαι</em></strong></span> <span class='ocrx_word' id='word_1_171' title='bbox 1222 2107 1377 2194; x_wconf 78' lang='grc' dir='ltr'><strong><em>καίδρᾷν·</em></strong></span> 
     </span>
     <span class='ocr_line' id='line_1_19' title="bbox 270 2198 1379 2292; baseline 0.002 -23"><span class='ocrx_word' id='word_1_172' title='bbox 270 2207 324 2273; x_wconf 74' lang='grc' dir='ltr'><strong><em>’ίνα</em></strong></span> <span class='ocrx_word' id='word_1_173' title='bbox 336 2206 381 2289; x_wconf 80' lang='grc' dir='ltr'>μὴ</span> <span class='ocrx_word' id='word_1_174' title='bbox 398 2208 524 2273; x_wconf 80' lang='grc' dir='ltr'><strong><em>καὶτῶν</em></strong></span> <span class='ocrx_word' id='word_1_175' title='bbox 545 2202 654 2271; x_wconf 83' lang='grc' dir='ltr'><strong><em>άλιίων</em></strong></span> <span class='ocrx_word' id='word_1_176' title='bbox 677 2206 798 2271; x_wconf 84' lang='grc' dir='ltr'><strong><em>ἐκείνων</em></strong></span> <span class='ocrx_word' id='word_1_177' title='bbox 813 2198 895 2289; x_wconf 75' lang='grc' dir='ltr'><strong><em>ὦμεν</em></strong></span> <span class='ocrx_word' id='word_1_178' title='bbox 915 2208 1056 2292; x_wconf 81' lang='grc' dir='ltr'><strong><em>χείρους,</em></strong></span> <span class='ocrx_word' id='word_1_179' title='bbox 1081 2204 1129 2282; x_wconf 76' lang='grc' dir='ltr'><strong><em>οἷς</em></strong></span> <span class='ocrx_word' id='word_1_180' title='bbox 1147 2206 1228 2290; x_wconf 82' lang='grc' dir='ltr'><strong><em>μετά</em></strong></span> <span class='ocrx_word' id='word_1_181' title='bbox 1245 2206 1282 2273; x_wconf 79' lang='lat' dir='ltr'>sd</span> <span class='ocrx_word' id='word_1_182' title='bbox 1297 2214 1379 2291; x_wconf 82' lang='grc' dir='ltr'><strong><em>πλη-</em></strong></span> 
     </span>
     <span class='ocr_line' id='line_1_20' title="bbox 266 2306 1379 2397; baseline 0.002 -24"><span class='ocrx_word' id='word_1_183' title='bbox 266 2314 365 2397; x_wconf 80' lang='grc' dir='ltr'><strong><em>γῆναι</em></strong></span> <span class='ocrx_word' id='word_1_184' title='bbox 398 2308 456 2393; x_wconf 74' lang='grc' dir='ltr'>τὴν</span> <span class='ocrx_word' id='word_1_185' title='bbox 485 2313 549 2375; x_wconf 80' lang='grc' dir='ltr'>τῶν</span> <span class='ocrx_word' id='word_1_186' title='bbox 575 2306 780 2393; x_wconf 82' lang='grc' dir='ltr'><strong><em>καθηκόντων</em></strong></span> <span class='ocrx_word' id='word_1_187' title='bbox 810 2311 1034 2395; x_wconf 76' lang='grc' dir='ltr'><strong><em>προσγίγνεσθαι</em></strong></span> <span class='ocrx_word' id='word_1_188' title='bbox 1057 2308 1171 2375; x_wconf 60' lang='lat' dir='ltr'>turmo</span> <span class='ocrx_word' id='word_1_189' title='bbox 1195 2308 1379 2393; x_wconf 81' lang='grc' dir='ltr'><strong><em>αίσθησιν.”</em></strong></span> 
     </span>
     <span class='ocr_line' id='line_1_21' title="bbox 271 2400 1421 2501; baseline 0.003 -24"><span class='ocrx_word' id='word_1_190' title='bbox 271 2410 342 2501; x_wconf 91' lang='grc' dir='ltr'>(Γ.)</span> <span class='ocrx_word' id='word_1_191' title='bbox 371 2416 483 2477; x_wconf 80' lang='grc' dir='ltr'><strong><em>Ταῦτα</em></strong></span> <span class='ocrx_word' id='word_1_192' title='bbox 499 2412 676 2495; x_wconf 79' lang='grc' dir='ltr'><strong><em>διανοηθείς</em></strong></span> <span class='ocrx_word' id='word_1_193' title='bbox 696 2414 748 2477; x_wconf 79' lang='grc' dir='ltr'>καί</span> <span class='ocrx_word' id='word_1_194' title='bbox 766 2409 979 2498; x_wconf 80' lang='grc' dir='ltr'><strong><em>φθεγξάμενος</em></strong></span> <span class='ocrx_word' id='word_1_195' title='bbox 1006 2408 1025 2479; x_wconf 82' lang='grc' dir='ltr'><strong><em>ό</em></strong></span> <span class='ocrx_word' id='word_1_196' title='bbox 1052 2400 1245 2499; x_wconf 88' lang='grc' dir='ltr'><strong><em>πατριάρχης</em></strong></span> <span class='ocrx_word' id='word_1_197' title='bbox 1273 2409 1421 2496; x_wconf 69' lang='grc' dir='ltr'><strong><em>λόγοιςθδ</em></strong></span> 
     </span>
     <span class='ocr_line' id='line_1_22' title="bbox 271 2510 1378 2603; baseline 0 -22"><span class='ocrx_word' id='word_1_198' title='bbox 271 2514 498 2603; x_wconf 84' lang='grc' dir='ltr'><strong><em>πιθανωτίροις</em></strong></span> <span class='ocrx_word' id='word_1_199' title='bbox 515 2510 605 2601; x_wconf 71' lang='grc' dir='ltr'><strong><em>ὑπῄει</em></strong></span> <span class='ocrx_word' id='word_1_200' title='bbox 618 2516 670 2581; x_wconf 85' lang='grc' dir='ltr'>καί</span> <span class='ocrx_word' id='word_1_201' title='bbox 692 2515 833 2600; x_wconf 86' lang='grc' dir='ltr'><strong><em>ἐπεχείρει</em></strong></span> <span class='ocrx_word' id='word_1_202' title='bbox 845 2518 961 2581; x_wconf 83' lang='grc' dir='ltr'><strong><em>πείθειν</em></strong></span> <span class='ocrx_word' id='word_1_203' title='bbox 975 2515 1153 2581; x_wconf 72' lang='grc' dir='ltr'><strong><em>συνθέσθαι</em></strong></span> <span class='ocrx_word' id='word_1_204' title='bbox 1166 2518 1217 2581; x_wconf 83' lang='grc' dir='ltr'>καί</span> <span class='ocrx_word' id='word_1_205' title='bbox 1238 2514 1296 2599; x_wconf 77' lang='grc' dir='ltr'>τὴν</span> <span class='ocrx_word' id='word_1_206' title='bbox 1314 2522 1378 2595; x_wconf 78' lang='grc' dir='ltr'><strong><em>βα-</em></strong></span> 
     </span>
     <span class='ocr_line' id='line_1_23' title="bbox 177 2613 1380 2715; baseline 0 -32"><span class='ocrx_word' id='word_1_207' title='bbox 177 2617 507 2686; x_wconf 62' lang='lat' dir='ltr'>lenocinationes.</span> <span class='ocrx_word' id='word_1_208' title='bbox 535 2614 611 2683; x_wconf 69' lang='lat' dir='ltr'>sisar</span> <span class='ocrx_word' id='word_1_209' title='bbox 622 2618 682 2715; x_wconf 80' lang='grc' dir='ltr'><strong><em>γάρ</em></strong></span> <span class='ocrx_word' id='word_1_210' title='bbox 697 2616 813 2705; x_wconf 58' lang='lat' dir='ltr'>ipanus</span> <span class='ocrx_word' id='word_1_211' title='bbox 825 2620 946 2701; x_wconf 78' lang='grc' dir='ltr'><strong><em>βίλτιον</em></strong></span> <span class='ocrx_word' id='word_1_212' title='bbox 952 2666 964 2698; x_wconf 96' lang='grc'><strong><em>,</em></strong></span> <span class='ocrx_word' id='word_1_213' title='bbox 990 2613 1118 2694; x_wconf 70' lang='grc' dir='ltr'><strong><em>ἑκόντας</em></strong></span> <span class='ocrx_word' id='word_1_214' title='bbox 1130 2619 1380 2707; x_wconf 76' lang='grc' dir='ltr'><strong><em>Καντακουζηνῷ</em></strong></span> 
     </span>
     <span class='ocr_line' id='line_1_24' title="bbox 273 2719 1417 2811; baseline -0.004 -22"><span class='ocrx_word' id='word_1_215' title='bbox 273 2720 515 2807; x_wconf 86' lang='grc' dir='ltr'><strong><em>σπεισαμίναας,</em></strong></span> <span class='ocrx_word' id='word_1_216' title='bbox 537 2720 596 2807; x_wconf 78' lang='grc' dir='ltr'>τὴν</span> <span class='ocrx_word' id='word_1_217' title='bbox 618 2722 746 2811; x_wconf 70' lang='grc' dir='ltr'><strong><em>κρείττω</em></strong></span> <span class='ocrx_word' id='word_1_218' title='bbox 765 2730 882 2810; x_wconf 73' lang='grc' dir='ltr'><strong><em>μοῖραν</em></strong></span> <span class='ocrx_word' id='word_1_219' title='bbox 901 2726 1126 2809; x_wconf 76' lang='grc' dir='ltr'><strong><em>καρποῦσθαι,</em></strong></span> <span class='ocrx_word' id='word_1_220' title='bbox 1151 2722 1224 2809; x_wconf 84' lang='grc' dir='ltr'><strong><em>πρίν</em></strong></span> <span class='ocrx_word' id='word_1_221' title='bbox 1246 2719 1379 2809; x_wconf 67' lang='lat' dir='ltr'>ipsepe-</span> <span class='ocrx_word' id='word_1_222' title='bbox 1414 2772 1417 2777; x_wconf 92' lang='lat'><em>.</em></span> 
     </span>
    </p>
   </div>
   <div class='ocr_carea' id='block_1_3' title="bbox 260 2954 1443 4411">
    <p class='ocr_par' dir='ltr' id='par_1_3' title="bbox 260 2954 1443 4411">
     <span class='ocr_line' id='line_1_25' title="bbox 274 2954 1379 3029; baseline -0.002 -19"><span class='ocrx_word' id='word_1_223' title='bbox 274 2954 436 3021; x_wconf 84' lang='lat' dir='ltr'>abdicasset,</span> <span class='ocrx_word' id='word_1_224' title='bbox 454 2958 533 3027; x_wconf 87' lang='lat' dir='ltr'>atque</span> <span class='ocrx_word' id='word_1_225' title='bbox 549 2956 613 3011; x_wconf 86' lang='lat' dir='ltr'>sdeo</span> <span class='ocrx_word' id='word_1_226' title='bbox 628 2954 661 3010; x_wconf 88' lang='lat' dir='ltr'>ab</span> <span class='ocrx_word' id='word_1_227' title='bbox 672 2957 837 3029; x_wconf 86' lang='lat' dir='ltr'>imperatrice</span> <span class='ocrx_word' id='word_1_228' title='bbox 851 2958 926 3012; x_wconf 74' lang='lat' dir='ltr'>Anus</span> <span class='ocrx_word' id='word_1_229' title='bbox 941 2960 970 3010; x_wconf 90' lang='lat' dir='ltr'>et</span> <span class='ocrx_word' id='word_1_230' title='bbox 985 2955 1020 3009; x_wconf 87' lang='lat' dir='ltr'>ab</span> <span class='ocrx_word' id='word_1_231' title='bbox 1036 2955 1091 3011; x_wconf 87' lang='lat' dir='ltr'>eius</span> <span class='ocrx_word' id='word_1_232' title='bbox 1103 2955 1158 3010; x_wconf 81' lang='lat' dir='ltr'>ntto</span> <span class='ocrx_word' id='word_1_233' title='bbox 1172 2971 1316 3027; x_wconf 80' lang='lat' dir='ltr'>supremam</span> <span class='ocrx_word' id='word_1_234' title='bbox 1331 2970 1379 3025; x_wconf 87' lang='lat' dir='ltr'>pu-</span> 
     </span>
     <span class='ocr_line' id='line_1_26' title="bbox 273 3024 1379 3097; baseline -0.003 -18"><span class='ocrx_word' id='word_1_235' title='bbox 273 3032 395 3079; x_wconf 84' lang='lat' dir='ltr'>testatem</span> <span class='ocrx_word' id='word_1_236' title='bbox 411 3026 492 3094; x_wconf 90' lang='lat' dir='ltr'>palam</span> <span class='ocrx_word' id='word_1_237' title='bbox 509 3028 631 3080; x_wconf 75' lang='lat' dir='ltr'>auferret</span> <span class='ocrx_word' id='word_1_238' title='bbox 666 3026 839 3090; x_wconf 80' lang='lat' dir='ltr'><strong>Quamobrem</strong></span> <span class='ocrx_word' id='word_1_239' title='bbox 851 3037 960 3097; x_wconf 86' lang='lat' dir='ltr'>uterque</span> <span class='ocrx_word' id='word_1_240' title='bbox 973 3026 1035 3078; x_wconf 84' lang='lat' dir='ltr'>nibil</span> <span class='ocrx_word' id='word_1_241' title='bbox 1048 3026 1117 3079; x_wconf 85' lang='lat' dir='ltr'>aliud</span> <span class='ocrx_word' id='word_1_242' title='bbox 1131 3025 1252 3092; x_wconf 83' lang='lat' dir='ltr'>lecimus,</span> <span class='ocrx_word' id='word_1_243' title='bbox 1270 3024 1321 3077; x_wconf 86' lang='lat' dir='ltr'>nial</span> <span class='ocrx_word' id='word_1_244' title='bbox 1337 3032 1379 3077; x_wconf 91' lang='lat' dir='ltr'>to-</span> 
     </span>
     <span class='ocr_line' id='line_1_27' title="bbox 260 3091 1379 3165; baseline -0.002 -18"><span class='ocrx_word' id='word_1_245' title='bbox 260 3096 316 3147; x_wconf 75' lang='lat' dir='ltr'>‘tas</span> <span class='ocrx_word' id='word_1_246' title='bbox 327 3094 432 3165; x_wconf 88' lang='lat' dir='ltr'>penitus</span> <span class='ocrx_word' id='word_1_247' title='bbox 446 3096 612 3148; x_wconf 86' lang='lat' dir='ltr'>Romanorum</span> <span class='ocrx_word' id='word_1_248' title='bbox 625 3095 695 3148; x_wconf 82' lang='lat' dir='ltr'>vires</span> <span class='ocrx_word' id='word_1_249' title='bbox 709 3096 866 3161; x_wconf 76' lang='lat' dir='ltr'>attrivimus,</span> <span class='ocrx_word' id='word_1_250' title='bbox 884 3096 947 3148; x_wconf 89' lang='lat' dir='ltr'>etsi</span> <span class='ocrx_word' id='word_1_251' title='bbox 962 3110 1013 3165; x_wconf 86' lang='lat' dir='ltr'>qus</span> <span class='ocrx_word' id='word_1_252' title='bbox 1023 3096 1092 3148; x_wconf 86' lang='lat' dir='ltr'>forte</span> <span class='ocrx_word' id='word_1_253' title='bbox 1103 3096 1187 3147; x_wconf 89' lang='lat' dir='ltr'>bonae</span> <span class='ocrx_word' id='word_1_254' title='bbox 1205 3094 1262 3165; x_wconf 86' lang='lat' dir='ltr'>spei</span> <span class='ocrx_word' id='word_1_255' title='bbox 1278 3091 1379 3147; x_wconf 86' lang='lat' dir='ltr'>scintil-</span> 
     </span>
     <span class='ocr_line' id='line_1_28' title="bbox 273 3162 1379 3233; baseline -0.002 -17"><span class='ocrx_word' id='word_1_256' title='bbox 273 3162 328 3217; x_wconf 86' lang='lat' dir='ltr'>lula</span> <span class='ocrx_word' id='word_1_257' title='bbox 339 3162 367 3214; x_wconf 90' lang='lat' dir='ltr'>in</span> <span class='ocrx_word' id='word_1_258' title='bbox 380 3164 456 3215; x_wconf 82' lang='lat' dir='ltr'>rebus</span> <span class='ocrx_word' id='word_1_259' title='bbox 472 3164 572 3233; x_wconf 86' lang='lat' dir='ltr'>reliqua</span> <span class='ocrx_word' id='word_1_260' title='bbox 585 3172 668 3229; x_wconf 84' lang='lat' dir='ltr'>esset,</span> <span class='ocrx_word' id='word_1_261' title='bbox 686 3182 740 3217; x_wconf 90' lang='lat' dir='ltr'>eam</span> <span class='ocrx_word' id='word_1_262' title='bbox 754 3164 869 3217; x_wconf 78' lang='lat' dir='ltr'>funditus</span> <span class='ocrx_word' id='word_1_263' title='bbox 882 3164 1035 3216; x_wconf 67' lang='lat' dir='ltr'>sustulimus.</span> <span class='ocrx_word' id='word_1_264' title='bbox 1070 3164 1125 3215; x_wconf 76' lang='lat' dir='ltr'>llos</span> <span class='ocrx_word' id='word_1_265' title='bbox 1136 3165 1218 3227; x_wconf 88' lang='lat' dir='ltr'>enim,</span> <span class='ocrx_word' id='word_1_266' title='bbox 1236 3162 1280 3233; x_wconf 86' lang='lat' dir='ltr'>qui</span> <span class='ocrx_word' id='word_1_267' title='bbox 1295 3162 1379 3214; x_wconf 85' lang='lat' dir='ltr'>omnia</span> 
     </span>
     <span class='ocr_line' id='line_1_29' title="bbox 274 3229 1377 3302; baseline -0.005 -17"><span class='ocrx_word' id='word_1_268' title='bbox 274 3231 309 3285; x_wconf 85' lang='lat' dir='ltr'>ad</span> <span class='ocrx_word' id='word_1_269' title='bbox 327 3233 461 3284; x_wconf 85' lang='lat' dir='ltr'>humanam</span> <span class='ocrx_word' id='word_1_270' title='bbox 479 3231 627 3286; x_wconf 88' lang='lat' dir='ltr'>industriam</span> <span class='ocrx_word' id='word_1_271' title='bbox 644 3233 820 3302; x_wconf 77' lang='lat' dir='ltr'>imprudentes</span> <span class='ocrx_word' id='word_1_272' title='bbox 832 3234 963 3296; x_wconf 78' lang='lat' dir='ltr'>referunt,</span> <span class='ocrx_word' id='word_1_273' title='bbox 980 3250 1011 3285; x_wconf 88' lang='lat' dir='ltr'>eo</span> <span class='ocrx_word' id='word_1_274' title='bbox 1026 3232 1178 3285; x_wconf 72' lang='lat' dir='ltr'>calamitatis</span> <span class='ocrx_word' id='word_1_275' title='bbox 1194 3229 1299 3285; x_wconf 82' lang='lat' dir='ltr'>devolvi</span> <span class='ocrx_word' id='word_1_276' title='bbox 1313 3230 1377 3281; x_wconf 84' lang='lat' dir='ltr'>nibil</span> 
     </span>
     <span class='ocr_line' id='line_1_30' title="bbox 273 3299 1379 3371; baseline -0.004 -17"><span class='ocrx_word' id='word_1_277' title='bbox 273 3299 380 3365; x_wconf 67' lang='lat' dir='ltr'>mirum</span> <span class='ocrx_word' id='word_1_278' title='bbox 397 3301 471 3353; x_wconf 89' lang='lat' dir='ltr'>immo</span> <span class='ocrx_word' id='word_1_279' title='bbox 486 3303 594 3354; x_wconf 86' lang='lat' dir='ltr'>maxime</span> <span class='ocrx_word' id='word_1_280' title='bbox 611 3300 730 3371; x_wconf 79' lang='lat' dir='ltr'>congruit</span> <span class='ocrx_word' id='word_1_281' title='bbox 742 3319 798 3353; x_wconf 94' lang='lat' dir='ltr'>cum</span> <span class='ocrx_word' id='word_1_282' title='bbox 814 3302 903 3355; x_wconf 85' lang='lat' dir='ltr'>diuina</span> <span class='ocrx_word' id='word_1_283' title='bbox 918 3300 1096 3371; x_wconf 83' lang='lat' dir='ltr'>providentia3</span> <span class='ocrx_word' id='word_1_284' title='bbox 1115 3301 1186 3355; x_wconf 89' lang='lat' dir='ltr'>cuius</span> <span class='ocrx_word' id='word_1_285' title='bbox 1203 3307 1243 3353; x_wconf 92' lang='lat' dir='ltr'>est</span> <span class='ocrx_word' id='word_1_286' title='bbox 1260 3299 1303 3351; x_wconf 91' lang='lat' dir='ltr'>bic</span> <span class='ocrx_word' id='word_1_287' title='bbox 1319 3316 1379 3351; x_wconf 88' lang='lat' dir='ltr'>sco·</span> 
     </span>
     <span class='ocr_line' id='line_1_31' title="bbox 274 3368 1443 3441; baseline -0.003 -20"><span class='ocrx_word' id='word_1_288' title='bbox 274 3386 332 3441; x_wconf 88' lang='lat' dir='ltr'>pus,</span> <span class='ocrx_word' id='word_1_289' title='bbox 349 3378 379 3422; x_wconf 90' lang='lat' dir='ltr'>nt</span> <span class='ocrx_word' id='word_1_290' title='bbox 393 3370 493 3422; x_wconf 88' lang='lat' dir='ltr'>humani</span> <span class='ocrx_word' id='word_1_291' title='bbox 508 3371 584 3423; x_wconf 87' lang='lat' dir='ltr'>animi</span> <span class='ocrx_word' id='word_1_292' title='bbox 598 3371 763 3439; x_wconf 84' lang='lat' dir='ltr'>arrogantiae</span> <span class='ocrx_word' id='word_1_293' title='bbox 776 3372 892 3423; x_wconf 75' lang='lat' dir='ltr'>fraenum</span> <span class='ocrx_word' id='word_1_294' title='bbox 905 3377 1002 3424; x_wconf 90' lang='lat' dir='ltr'>certum</span> <span class='ocrx_word' id='word_1_295' title='bbox 1018 3370 1125 3434; x_wconf 85' lang='lat' dir='ltr'>inliciat,</span> <span class='ocrx_word' id='word_1_296' title='bbox 1141 3379 1168 3423; x_wconf 87' lang='lat' dir='ltr'>et</span> <span class='ocrx_word' id='word_1_297' title='bbox 1182 3368 1322 3440; x_wconf 86' lang='lat' dir='ltr'>peripsam</span> <span class='ocrx_word' id='word_1_298' title='bbox 1336 3384 1380 3418; x_wconf 84' lang='lat' dir='ltr'>re·</span> <span class='ocrx_word' id='word_1_299' title='bbox 1439 3382 1443 3389; x_wconf 90' lang='lat'><em>·</em></span> 
     </span>
     <span class='ocr_line' id='line_1_32' title="bbox 274 3436 1379 3511; baseline -0.005 -18"><span class='ocrx_word' id='word_1_300' title='bbox 274 3456 329 3493; x_wconf 83' lang='lat' dir='ltr'>runa</span> <span class='ocrx_word' id='word_1_301' title='bbox 342 3439 527 3507; x_wconf 82' lang='lat' dir='ltr'>experientiam</span> <span class='ocrx_word' id='word_1_302' title='bbox 541 3440 647 3493; x_wconf 87' lang='lat' dir='ltr'>evidens</span> <span class='ocrx_word' id='word_1_303' title='bbox 661 3442 693 3491; x_wconf 86' lang='lat' dir='ltr'>ad</span> <span class='ocrx_word' id='word_1_304' title='bbox 709 3448 827 3511; x_wconf 85' lang='lat' dir='ltr'>posteros</span> <span class='ocrx_word' id='word_1_305' title='bbox 841 3440 1018 3492; x_wconf 83' lang='lat' dir='ltr'>documentum</span> <span class='ocrx_word' id='word_1_306' title='bbox 1029 3447 1119 3509; x_wconf 86' lang='lat' dir='ltr'>aperte</span> <span class='ocrx_word' id='word_1_307' title='bbox 1132 3437 1296 3492; x_wconf 81' lang='lat' dir='ltr'>transmittat</span> <span class='ocrx_word' id='word_1_308' title='bbox 1319 3436 1379 3489; x_wconf 90' lang='lat' dir='ltr'>No-</span> 
     </span>
     <span class='ocr_line' id='line_1_33' title="bbox 273 3504 1379 3578; baseline -0.005 -17"><span class='ocrx_word' id='word_1_309' title='bbox 273 3506 316 3561; x_wconf 85' lang='lat' dir='ltr'>bis</span> <span class='ocrx_word' id='word_1_310' title='bbox 331 3508 423 3578; x_wconf 90' lang='lat' dir='ltr'>itaque</span> <span class='ocrx_word' id='word_1_311' title='bbox 435 3508 463 3560; x_wconf 89' lang='lat' dir='ltr'>id</span> <span class='ocrx_word' id='word_1_312' title='bbox 477 3508 550 3578; x_wconf 89' lang='lat' dir='ltr'>plane</span> <span class='ocrx_word' id='word_1_313' title='bbox 564 3508 709 3573; x_wconf 81' lang='lat' dir='ltr'>usuvenit,</span> <span class='ocrx_word' id='word_1_314' title='bbox 727 3508 796 3578; x_wconf 92' lang='lat' dir='ltr'>quod</span> <span class='ocrx_word' id='word_1_315' title='bbox 809 3508 913 3577; x_wconf 80' lang='lat' dir='ltr'>vulgari</span> <span class='ocrx_word' id='word_1_316' title='bbox 928 3509 1065 3578; x_wconf 85' lang='lat' dir='ltr'>proverbio</span> <span class='ocrx_word' id='word_1_317' title='bbox 1079 3506 1130 3559; x_wconf 90' lang='lat' dir='ltr'>dici</span> <span class='ocrx_word' id='word_1_318' title='bbox 1148 3508 1228 3560; x_wconf 68' lang='lat' dir='ltr'>solete</span> <span class='ocrx_word' id='word_1_319' title='bbox 1245 3504 1379 3557; x_wconf 77' lang='lat' dir='ltr'>camelum</span> 
     </span>
     <span class='ocr_line' id='line_1_34' title="bbox 273 3574 1381 3660; baseline -0.005 -31"><span class='ocrx_word' id='word_1_320' title='bbox 273 3592 369 3629; x_wconf 86' lang='lat' dir='ltr'>cornua</span> <span class='ocrx_word' id='word_1_321' title='bbox 385 3586 547 3660; x_wconf 68' lang='lat' dir='ltr'>appetentem</span> <span class='ocrx_word' id='word_1_322' title='bbox 565 3580 641 3631; x_wconf 89' lang='lat' dir='ltr'>etiarn</span> <span class='ocrx_word' id='word_1_323' title='bbox 658 3578 762 3630; x_wconf 88' lang='lat' dir='ltr'>auribus</span> <span class='ocrx_word' id='word_1_324' title='bbox 783 3578 898 3630; x_wconf 87' lang='lat' dir='ltr'>orbatam</span> <span class='ocrx_word' id='word_1_325' title='bbox 916 3595 983 3631; x_wconf 87' lang='lat' dir='ltr'>esse.</span> <span class='ocrx_word' id='word_1_326' title='bbox 1018 3577 1085 3630; x_wconf 85' lang='lat' dir='ltr'>Nom</span> <span class='ocrx_word' id='word_1_327' title='bbox 1099 3584 1126 3629; x_wconf 90' lang='lat' dir='ltr'>et</span> <span class='ocrx_word' id='word_1_328' title='bbox 1137 3575 1188 3644; x_wconf 88' lang='lat' dir='ltr'>ipsi</span> <span class='ocrx_word' id='word_1_329' title='bbox 1201 3591 1257 3627; x_wconf 90' lang='lat' dir='ltr'>cum</span> <span class='ocrx_word' id='word_1_330' title='bbox 1271 3574 1381 3643; x_wconf 89' lang='lat' dir='ltr'>amplio-</span> 
     </span>
     <span class='ocr_line' id='line_1_35' title="bbox 271 3644 1380 3717; baseline -0.003 -18"><span class='ocrx_word' id='word_1_331' title='bbox 271 3661 326 3699; x_wconf 84' lang='lat' dir='ltr'>rem</span> <span class='ocrx_word' id='word_1_332' title='bbox 341 3645 493 3715; x_wconf 76' lang='lat' dir='ltr'>dignitatem</span> <span class='ocrx_word' id='word_1_333' title='bbox 514 3648 692 3716; x_wconf 89' lang='lat' dir='ltr'>lurtunamque</span> <span class='ocrx_word' id='word_1_334' title='bbox 710 3652 903 3717; x_wconf 77' lang='lat' dir='ltr'>appeteremus,</span> <span class='ocrx_word' id='word_1_335' title='bbox 921 3653 949 3699; x_wconf 92' lang='lat' dir='ltr'>et</span> <span class='ocrx_word' id='word_1_336' title='bbox 960 3645 1118 3699; x_wconf 85' lang='lat' dir='ltr'>occasionem</span> <span class='ocrx_word' id='word_1_337' title='bbox 1135 3644 1237 3713; x_wconf 89' lang='lat' dir='ltr'>utrique</span> <span class='ocrx_word' id='word_1_338' title='bbox 1250 3644 1380 3697; x_wconf 84' lang='lat' dir='ltr'>Romanus</span> 
     </span>
     <span class='ocr_line' id='line_1_36' title="bbox 270 3712 1380 3799; baseline -0.004 -32"><span class='ocrx_word' id='word_1_339' title='bbox 270 3713 366 3767; x_wconf 85' lang='lat' dir='ltr'>limites</span> <span class='ocrx_word' id='word_1_340' title='bbox 379 3716 545 3784; x_wconf 81' lang='lat' dir='ltr'>promovendi</span> <span class='ocrx_word' id='word_1_341' title='bbox 560 3716 671 3771; x_wconf 86' lang='lat' dir='ltr'>oblatum</span> <span class='ocrx_word' id='word_1_342' title='bbox 688 3717 760 3768; x_wconf 87' lang='lat' dir='ltr'>nubis</span> <span class='ocrx_word' id='word_1_343' title='bbox 776 3722 936 3799; x_wconf 87' lang='lat' dir='ltr'>putaremus,</span> <span class='ocrx_word' id='word_1_344' title='bbox 954 3715 1031 3769; x_wconf 89' lang='lat' dir='ltr'>etiam</span> <span class='ocrx_word' id='word_1_345' title='bbox 1043 3714 1084 3778; x_wconf 88' lang='lat' dir='ltr'>iis,</span> <span class='ocrx_word' id='word_1_346' title='bbox 1102 3714 1148 3783; x_wconf 91' lang='lat' dir='ltr'>qui</span> <span class='ocrx_word' id='word_1_347' title='bbox 1165 3721 1316 3771; x_wconf 84' lang='lat' dir='ltr'>tumerent,</span> <span class='ocrx_word' id='word_1_348' title='bbox 1333 3712 1380 3762; x_wconf 92' lang='lat' dir='ltr'>de-</span> 
     </span>
     <span class='ocr_line' id='line_1_37' title="bbox 270 3778 1381 3855; baseline -0.002 -20"><span class='ocrx_word' id='word_1_349' title='bbox 270 3782 335 3836; x_wconf 91' lang='lat' dir='ltr'>iecti</span> <span class='ocrx_word' id='word_1_350' title='bbox 354 3801 454 3849; x_wconf 82' lang='lat' dir='ltr'>sumus3</span> <span class='ocrx_word' id='word_1_351' title='bbox 478 3785 606 3855; x_wconf 88' lang='lat' dir='ltr'>iidemque</span> <span class='ocrx_word' id='word_1_352' title='bbox 625 3802 657 3838; x_wconf 84' lang='lat' dir='ltr'>ex</span> <span class='ocrx_word' id='word_1_353' title='bbox 677 3785 804 3855; x_wconf 77' lang='lat' dir='ltr'>opulentos</span> <span class='ocrx_word' id='word_1_354' title='bbox 819 3786 925 3854; x_wconf 89' lang='lat' dir='ltr'>inopes,</span> <span class='ocrx_word' id='word_1_355' title='bbox 944 3800 976 3837; x_wconf 86' lang='lat' dir='ltr'>ex</span> <span class='ocrx_word' id='word_1_356' title='bbox 989 3784 1133 3836; x_wconf 78' lang='lat' dir='ltr'>illustribus</span> <span class='ocrx_word' id='word_1_357' title='bbox 1146 3781 1212 3835; x_wconf 85' lang='lat' dir='ltr'>viles</span> <span class='ocrx_word' id='word_1_358' title='bbox 1233 3790 1260 3835; x_wconf 88' lang='lat' dir='ltr'>et</span> <span class='ocrx_word' id='word_1_359' title='bbox 1275 3778 1381 3849; x_wconf 82' lang='lat' dir='ltr'>inglorii</span> 
     </span>
     <span class='ocr_line' id='line_1_38' title="bbox 271 3848 1380 3924; baseline -0.005 -19"><span class='ocrx_word' id='word_1_360' title='bbox 271 3850 407 3906; x_wconf 83' lang='lat' dir='ltr'>evasimus.</span> <span class='ocrx_word' id='word_1_361' title='bbox 443 3852 519 3917; x_wconf 81' lang='lat' dir='ltr'>Quae</span> <span class='ocrx_word' id='word_1_362' title='bbox 533 3855 614 3923; x_wconf 80' lang='lat' dir='ltr'>igitur</span> <span class='ocrx_word' id='word_1_363' title='bbox 627 3855 765 3924; x_wconf 87' lang='lat' dir='ltr'>oportebat</span> <span class='ocrx_word' id='word_1_364' title='bbox 778 3869 825 3907; x_wconf 90' lang='lat' dir='ltr'>nos</span> <span class='ocrx_word' id='word_1_365' title='bbox 840 3861 867 3906; x_wconf 92' lang='lat' dir='ltr'>et</span> <span class='ocrx_word' id='word_1_366' title='bbox 880 3852 1017 3923; x_wconf 80' lang='lat' dir='ltr'>providere</span> <span class='ocrx_word' id='word_1_367' title='bbox 1029 3861 1057 3905; x_wconf 90' lang='lat' dir='ltr'>et</span> <span class='ocrx_word' id='word_1_368' title='bbox 1069 3852 1157 3904; x_wconf 81' lang='lat' dir='ltr'>iacere</span> <span class='ocrx_word' id='word_1_369' title='bbox 1173 3850 1292 3920; x_wconf 89' lang='lat' dir='ltr'>publicae</span> <span class='ocrx_word' id='word_1_370' title='bbox 1306 3848 1380 3901; x_wconf 87' lang='lat' dir='ltr'>utili-</span> 
     </span>
     <span class='ocr_line' id='line_1_39' title="bbox 271 3918 1381 3994; baseline -0.006 -19"><span class='ocrx_word' id='word_1_371' title='bbox 271 3923 336 3975; x_wconf 80' lang='lat' dir='ltr'>tatis</span> <span class='ocrx_word' id='word_1_372' title='bbox 350 3940 437 3987; x_wconf 84' lang='lat' dir='ltr'>causa,</span> <span class='ocrx_word' id='word_1_373' title='bbox 454 3933 589 3993; x_wconf 79' lang='grc' dir='ltr'><strong><em>απεεηυοπι</em></strong></span> <span class='ocrx_word' id='word_1_374' title='bbox 602 3922 670 3994; x_wconf 85' lang='lat' dir='ltr'>lapsi</span> <span class='ocrx_word' id='word_1_375' title='bbox 683 3938 804 3987; x_wconf 82' lang='lat' dir='ltr'>essemus,</span> <span class='ocrx_word' id='word_1_376' title='bbox 825 3941 856 3976; x_wconf 88' lang='lat' dir='ltr'>ea</span> <span class='ocrx_word' id='word_1_377' title='bbox 869 3940 927 3976; x_wconf 91' lang='lat' dir='ltr'>sero</span> <span class='ocrx_word' id='word_1_378' title='bbox 944 3923 1041 3985; x_wconf 74' lang='lat' dir='ltr'>saltem</span> <span class='ocrx_word' id='word_1_379' title='bbox 1059 3938 1090 3973; x_wconf 89' lang='lat' dir='ltr'>ac</span> <span class='ocrx_word' id='word_1_380' title='bbox 1105 3927 1239 3989; x_wconf 85' lang='lat' dir='ltr'>postquam</span> <span class='ocrx_word' id='word_1_381' title='bbox 1253 3918 1320 3988; x_wconf 83' lang='lat' dir='ltr'>lapsi</span> <span class='ocrx_word' id='word_1_382' title='bbox 1335 3934 1381 3969; x_wconf 89' lang='lat' dir='ltr'>su·</span> 
     </span>
     <span class='ocr_line' id='line_1_40' title="bbox 271 3988 1382 4074; baseline -0.005 -31"><span class='ocrx_word' id='word_1_383' title='bbox 271 4006 337 4054; x_wconf 79' lang='lat' dir='ltr'>ntus,</span> <span class='ocrx_word' id='word_1_384' title='bbox 354 3992 442 4047; x_wconf 79' lang='lat' dir='ltr'>iacere</span> <span class='ocrx_word' id='word_1_385' title='bbox 455 4010 563 4062; x_wconf 89' lang='lat' dir='ltr'>aequum</span> <span class='ocrx_word' id='word_1_386' title='bbox 575 4002 616 4046; x_wconf 85' lang='lat' dir='ltr'>est</span> <span class='ocrx_word' id='word_1_387' title='bbox 629 4010 659 4045; x_wconf 87' lang='lat' dir='ltr'>ac</span> <span class='ocrx_word' id='word_1_388' title='bbox 674 3992 827 4063; x_wconf 84' lang='lat' dir='ltr'>providere:</span> <span class='ocrx_word' id='word_1_389' title='bbox 844 4008 878 4047; x_wconf 89' lang='lat' dir='ltr'>ne</span> <span class='ocrx_word' id='word_1_390' title='bbox 891 3999 918 4044; x_wconf 90' lang='lat' dir='ltr'>et</span> <span class='ocrx_word' id='word_1_391' title='bbox 928 3991 1101 4074; x_wconf 85' lang='lat' dir='ltr'>piscatoribus</span> <span class='ocrx_word' id='word_1_392' title='bbox 1116 3990 1165 4041; x_wconf 87' lang='lat' dir='ltr'>illis</span> <span class='ocrx_word' id='word_1_393' title='bbox 1178 3988 1309 4043; x_wconf 84' lang='lat' dir='ltr'>stultiores</span> <span class='ocrx_word' id='word_1_394' title='bbox 1324 4002 1382 4038; x_wconf 88' lang='lat' dir='ltr'>essa</span> 
     </span>
     <span class='ocr_line' id='line_1_41' title="bbox 271 4056 1382 4133; baseline -0.006 -20"><span class='ocrx_word' id='word_1_395' title='bbox 271 4060 418 4123; x_wconf 77' lang='lat' dir='ltr'>videamur,</span> <span class='ocrx_word' id='word_1_396' title='bbox 437 4061 530 4132; x_wconf 87' lang='lat' dir='ltr'>quibua</span> <span class='ocrx_word' id='word_1_397' title='bbox 546 4080 612 4133; x_wconf 84' lang='lat' dir='ltr'>quse</span> <span class='ocrx_word' id='word_1_398' title='bbox 624 4060 744 4115; x_wconf 82' lang='lat' dir='ltr'>iacienda</span> <span class='ocrx_word' id='word_1_399' title='bbox 759 4062 858 4114; x_wconf 79' lang='lat' dir='ltr'>fuerint</span> <span class='ocrx_word' id='word_1_400' title='bbox 870 4069 967 4114; x_wconf 77' lang='lat' dir='ltr'>sentire</span> <span class='ocrx_word' id='word_1_401' title='bbox 980 4068 1043 4112; x_wconf 91' lang='lat' dir='ltr'>tunc</span> <span class='ocrx_word' id='word_1_402' title='bbox 1059 4059 1143 4122; x_wconf 87' lang='lat' dir='ltr'>subit,</span> <span class='ocrx_word' id='word_1_403' title='bbox 1161 4075 1216 4110; x_wconf 80' lang='lat' dir='ltr'>cuin</span> <span class='ocrx_word' id='word_1_404' title='bbox 1229 4056 1328 4108; x_wconf 82' lang='lat' dir='ltr'>inflicta</span> <span class='ocrx_word' id='word_1_405' title='bbox 1341 4062 1382 4107; x_wconf 84' lang='lat' dir='ltr'>est</span> 
     </span>
     <span class='ocr_line' id='line_1_42' title="bbox 271 4126 1382 4250; baseline -0.005 -69"><span class='ocrx_word' id='word_1_406' title='bbox 271 4128 377 4250; x_wconf 79' lang='lat' dir='ltr'>plaga.”</span> <span class='ocrx_word' id='word_1_407' title='bbox 393 4128 471 4199; x_wconf 83' lang='lat'>(111.)</span> <span class='ocrx_word' id='word_1_408' title='bbox 483 4130 558 4185; x_wconf 86' lang='lat' dir='ltr'>Haec</span> <span class='ocrx_word' id='word_1_409' title='bbox 573 4132 719 4201; x_wconf 83' lang='lat' dir='ltr'>patriarcha</span> <span class='ocrx_word' id='word_1_410' title='bbox 732 4146 789 4184; x_wconf 93' lang='lat' dir='ltr'>cum</span> <span class='ocrx_word' id='word_1_411' title='bbox 802 4138 829 4183; x_wconf 89' lang='lat' dir='ltr'>et</span> <span class='ocrx_word' id='word_1_412' title='bbox 841 4128 925 4182; x_wconf 85' lang='lat' dir='ltr'>animo</span> <span class='ocrx_word' id='word_1_413' title='bbox 941 4128 1067 4197; x_wconf 74' lang='lat' dir='ltr'>agitasset</span> <span class='ocrx_word' id='word_1_414' title='bbox 1078 4134 1106 4180; x_wconf 88' lang='lat' dir='ltr'>et</span> <span class='ocrx_word' id='word_1_415' title='bbox 1118 4144 1162 4179; x_wconf 90' lang='lat' dir='ltr'>ore</span> <span class='ocrx_word' id='word_1_416' title='bbox 1175 4126 1382 4196; x_wconf 80' lang='lat' dir='ltr'>pronunciasset,</span> 
     </span>
     <span class='ocr_line' id='line_1_43' title="bbox 291 4195 1382 4269; baseline -0.005 -19"><span class='ocrx_word' id='word_1_417' title='bbox 291 4198 351 4251; x_wconf 94' lang='lat' dir='ltr'>ictls</span> <span class='ocrx_word' id='word_1_418' title='bbox 367 4198 402 4252; x_wconf 87' lang='lat' dir='ltr'>ad</span> <span class='ocrx_word' id='word_1_419' title='bbox 420 4202 625 4269; x_wconf 86' lang='lat' dir='ltr'>persuadendum</span> <span class='ocrx_word' id='word_1_420' title='bbox 642 4199 914 4253; x_wconf 85' lang='lat' dir='ltr'>accommodatioribus</span> <span class='ocrx_word' id='word_1_421' title='bbox 932 4199 1030 4251; x_wconf 71' lang='lat' dir='ltr'>Annam</span> <span class='ocrx_word' id='word_1_422' title='bbox 1045 4196 1164 4259; x_wconf 81' lang='lat' dir='ltr'>subibat,</span> <span class='ocrx_word' id='word_1_423' title='bbox 1184 4195 1259 4266; x_wconf 84' lang='lat' dir='ltr'>eique</span> <span class='ocrx_word' id='word_1_424' title='bbox 1275 4203 1304 4246; x_wconf 90' lang='lat' dir='ltr'>ut</span> <span class='ocrx_word' id='word_1_425' title='bbox 1320 4208 1382 4244; x_wconf 89' lang='lat' dir='ltr'>sen·</span> 
     </span>
     <span class='ocr_line' id='line_1_44' title="bbox 271 4262 1382 4341; baseline -0.007 -21"><span class='ocrx_word' id='word_1_426' title='bbox 271 4268 370 4321; x_wconf 86' lang='lat' dir='ltr'>tentiae</span> <span class='ocrx_word' id='word_1_427' title='bbox 378 4285 440 4323; x_wconf 86' lang='lat' dir='ltr'>suno</span> <span class='ocrx_word' id='word_1_428' title='bbox 453 4271 590 4323; x_wconf 85' lang='lat' dir='ltr'>accederet</span> <span class='ocrx_word' id='word_1_429' title='bbox 602 4270 760 4341; x_wconf 87' lang='lat' dir='ltr'>persuadere</span> <span class='ocrx_word' id='word_1_430' title='bbox 775 4269 925 4321; x_wconf 83' lang='lat' dir='ltr'>conabatur.</span> <span class='ocrx_word' id='word_1_431' title='bbox 959 4267 1048 4319; x_wconf 84' lang='lat' dir='ltr'>Satius</span> <span class='ocrx_word' id='word_1_432' title='bbox 1062 4282 1152 4333; x_wconf 85' lang='lat' dir='ltr'>nempe</span> <span class='ocrx_word' id='word_1_433' title='bbox 1165 4282 1222 4317; x_wconf 88' lang='lat' dir='ltr'>esse</span> <span class='ocrx_word' id='word_1_434' title='bbox 1235 4262 1382 4327; x_wconf 87' lang='lat' dir='ltr'>dictitabat,</span> 
     </span>
     <span class='ocr_line' id='line_1_45' title="bbox 271 4331 1381 4411; baseline -0.006 -19"><span class='ocrx_word' id='word_1_435' title='bbox 271 4352 338 4408; x_wconf 86' lang='lat' dir='ltr'>pace</span> <span class='ocrx_word' id='word_1_436' title='bbox 354 4354 411 4394; x_wconf 85' lang='lat' dir='ltr'>cum</span> <span class='ocrx_word' id='word_1_437' title='bbox 425 4340 608 4395; x_wconf 82' lang='lat' dir='ltr'>Cautacuaeno</span> <span class='ocrx_word' id='word_1_438' title='bbox 626 4348 719 4411; x_wconf 80' lang='lat' dir='ltr'>sponte</span> <span class='ocrx_word' id='word_1_439' title='bbox 737 4339 827 4403; x_wconf 80' lang='lat' dir='ltr'>iacta,</span> <span class='ocrx_word' id='word_1_440' title='bbox 851 4338 935 4409; x_wconf 86' lang='lat' dir='ltr'>partis</span> <span class='ocrx_word' id='word_1_441' title='bbox 951 4336 1032 4409; x_wconf 87' lang='lat' dir='ltr'>potiri</span> <span class='ocrx_word' id='word_1_442' title='bbox 1048 4333 1177 4397; x_wconf 85' lang='lat' dir='ltr'>melioris,</span> <span class='ocrx_word' id='word_1_443' title='bbox 1194 4348 1271 4405; x_wconf 85' lang='lat' dir='ltr'>quam</span> <span class='ocrx_word' id='word_1_444' title='bbox 1287 4332 1333 4384; x_wconf 89' lang='lat' dir='ltr'>ubi</span> <span class='ocrx_word' id='word_1_445' title='bbox 1347 4331 1381 4385; x_wconf 79' lang='lat' dir='ltr'>ab</span> 
     </span>
    </p>
   </div>
   <div class='ocr_carea' id='block_1_4' title="bbox 0 0 1538 4792">
    <p class='ocr_par' dir='ltr' id='par_1_4' title="bbox 0 0 1538 4792">
     <span class='ocr_line' id='line_1_46' title="bbox 0 0 1538 4792; baseline 0 0"><span class='ocrx_word' id='word_1_446' title='bbox 0 0 1538 4792; x_wconf 95' lang='lat' dir='ltr'> </span> 
     </span>
    </p>
   </div>
  </div>
 </body>
</html>
