3067 4792
278 265 356 340 646
581 275 819 348 NlCEPHORI
832 277 1077 350 GREGORAE

100 459 141 541 ¹n.
153 457 188 507 ts.
199 453 270 512 6850
279 433 423 524 ξενοόσης
429 489 440 524 ,
469 435 516 518 οἷς
530 449 736 530 κακοπραγῶν
748 441 829 529 πρὸς
843 448 902 529 τῆς
916 440 1054 530 ἀγοόσης
1067 443 1108 512 τιλ
1122 441 1227 514 πόντο
1240 447 1391 533 προνοίας

147 527 197 642 ¹¹2⁰·
209 531 531 648 ῙοΒνενομοθίτηται,
558 553 660 612 ταῦτα
677 549 697 614 d
702 545 710 572 '
728 545 799 613 osle’
817 545 856 612 ἀν
874 547 970 624 αὐτὸς
983 549 1141 634 ἐπαινοίην
1156 547 1234 616 ἕκιόν
1248 562 1282 636 γε
1297 547 1387 630 εἶναι,

277 647 356 716 οόθ)
382 644 554 736 ὁλοσχερῶς
576 659 646 726 ταῖς
673 657 738 718 τῶν
755 651 936 734 peronem
956 651 1047 737 i'ymys
1071 655 1164 738 θείην
1184 653 1314 740 μερίσιν.
1350 653 1389 718 οὔ

276 750 338 840 γὰρ
365 748 492 837 πράξεις
517 758 639 835 μᾶλλον
670 753 766 830 αὐτὸς
787 749 1014 839 όμολογὴσαιμ’
1039 753 1080 821 ἀν
1109 756 1206 821 ταῦτ’
1228 753 1306 821 εἶναι
1329 761 1388 822 cosi

275 859 434 944 Ιὁρῶντος,
461 854 482 941 ἢ
499 853 602 944 φορόν
617 881 687 922 τινα
702 855 817 941 ἀλογον
832 854 892 947 (ῶς
905 883 940 943 γε
953 854 1084 946 εἴρηται)
1098 855 1210 943 τόχης,
1237 856 1259 944 ἢ
1274 844 1416 944 τόμοι-5

277 955 453 1044 μονοόσης,
480 957 500 1042 ἢ
518 960 657 1042 χοίνικας
676 965 849 1048 συμφορῶν
870 959 908 1027 οὗ
937 959 1026 1045 μόλα
1050 960 1183 1046 εάμενῶς
1204 959 1391 1044 ἀπεμπολεῖν

171 1075 205 1129 V.
218 1063 464 1152 326αἶρουμίνης
484 1061 564 1128 καθ’
587 1053 630 1128 ῶν
647 1063 796 1148 ἐπείγεται
817 1065 985 1147 δυσμενῶς.
1013 1060 1056 1140 ῶς
1068 1071 1144 1150 γοῦν
1157 1061 1388 1152 ἀστεφάνωτον,

174 1199 175 1204 ’
280 1165 297 1234 ὃ
315 1165 360 1250 μὴ
384 1165 465 1232 κατὰ
487 1162 640 1250 πρόθεσιν
664 1163 791 1252 γνῶμης
812 1167 981 1250 εάόοκιμεῒ,
1027 1165 1127 1244 οὕτως
1157 1165 1392 1254 ἀκατηγόρητον

250 1270 387 1354 collapsae
399 1271 481 1351 δεῖν,
511 1267 588 1354 ὃμὴ
604 1269 684 1334 κατά
702 1271 881 1356 προαίρεσιν
897 1271 1011 1355 ἀτυχεῖ.
1047 1269 1105 1360 (Ι.)
1118 1270 1307 1355 Δειχθίντος
1323 1295 1391 1336 τοι·

279 1380 415 1462 γαροῦν,
442 1369 485 1450 ῶς
504 1373 557 1438 διὰ
578 1372 636 1457 τὴν
657 1369 798 1441 ἓκοόσιόν
818 1398 851 1439 τε
870 1377 922 1439 καὶ
934 1374 996 1439 ἀπὸ
1010 1370 1135 1460 γνῶμης
1148 1375 1261 1458 ίκείυην
1277 1399 1389 1460 καρτε-
1400 1389 1438 1442 10

229 1563 230 1566 ¹
282 1480 370 1566 ρίαν,
398 1477 450 1542 καλ
470 1475 506 1542 τό
526 1475 570 1561 μὴ
586 1475 704 1543 tellao
724 1472 901 1560 ἀμόνεσθαι
917 1477 993 1554 τοάς
1015 1474 1085 1544 τότε
1100 1481 1290 1555 λυποῦντας,
1318 1475 1393 1543 oaldi

280 1581 371 1666 μίχρι
392 1579 516 1663 χειλίιυν
537 1579 658 1666 ἀκρων,
685 1581 831 1663 νηνεμίαν
852 1579 939 1669 αὐτῷ
956 1587 1020 1646 τῶν
1042 1576 1192 1646 κινδόνευν
1206 1580 1393 1664 κατέστησεν

282 1681 300 1751 ό
313 1685 431 1760 δίκαιος
449 1681 572 1749 ἀνωθεν
584 1682 766 1766 ἀθλοθέτης
779 1683 813 1747 ἓν
827 1680 969 1773 τοσοότιγ
979 1690 1104 1768 χειμῶνι
1120 1685 1171 1747 καί
1182 1681 1315 1748 κλόιλιυνι
1329 1688 1393 1748 τῶν

281 1793 404 1869 κακῶν,
433 1782 631 1870 δειχθήσεται
643 1781 768 1862 πόντιος
781 1782 973 1872 πλατύτερον
988 1785 1069 1852 κατά
1079 1783 1190 1871 χῶραν
1208 1781 1283 1869 ἡμῖν
1305 1811 1392 1871 γενο-

250 1891 404 1976 Βμόνοις,
427 1887 596 1974 τοῦλόγου
620 1890 864 1976 προβαίνοντος,
892 1893 945 1956 καλ
966 1888 1052 1968 ὅπως
1066 1890 1099 1956 ίν
1118 1885 1260 1974 όστίροις
1273 1889 1439 1972 σαγαί-15

280 2017 382 2060 πτωκε
403 1988 504 2081 τοότῳ
531 1987 634 2058 πόντοι
657 1988 911 2075 τάναντιῶτατα,
945 2003 1048 2080 τηρεῖν
1062 1992 1264 2076 βουλομένοις
1286 1991 1324 2057 τὸ
1337 1998 1395 2076 τῆς

281 2098 422 2183 ἱστορίας
443 2095 561 2180 ἀληθὲς
582 2097 728 2180 ταυτησὶ,
757 2097 809 2159 καί
832 2105 936 2162 πεῖσαι
959 2097 1035 2172 τοὺς
1054 2092 1155 2182 ταότη
1172 2095 1394 2178 συνεσομένους

280 2207 326 2289 τῷ
339 2196 445 2288 χρόνῳ
451 2247 462 2280 ,
490 2200 541 2264 καί
563 2198 638 2264 κατ’
663 2195 839 2282 ἐμπόθειαν
859 2196 1024 2283 ἡντιναοῦν
1041 2196 1120 2284 μήτε
1142 2196 1326 2263 τάίπαίνιον
1341 2201 1394 2262 καλ
1421 2234 1427 2240 ·

281 2299 450 2384 θαόματος
465 2308 523 2368 τοῦ
537 2300 671 2389 ἀνδρὸς,
699 2299 787 2386 μήθ’
803 2299 864 2368 ὅσα
881 2309 938 2387 τῆς
954 2305 1094 2378 ἐναντίας
1115 2296 1286 2385 ίβλόστηοε
1296 2300 1393 2387 ῥίζης,

280 2407 412 2492 ἐξαίρειν
436 2410 481 2494 τῷ
507 2402 589 2495 λόγῳ
610 2406 742 2488 νομίζειν
760 2402 846 2490 ἡμᾶς
865 2413 923 2472 τοῦ
943 2406 1045 2493 χρεῶν
1066 2401 1279 2490 όψηλότερον·
1314 2403 1441 2477 ἀλλέο

280 2509 380 2594 αὐτὴν
406 2505 448 2585 ῶς
469 2507 574 2592 ἔτυχεν
596 2507 710 2593 λ’χουσοι
730 2508 789 2594 τὴν
814 2505 969 2593 ἀλήθειαν
983 2507 1215 2597 ’ἀφηγουμένοις
1229 2503 1393 2588 πιστεόειν,

250 2614 334 2680 Exci
354 2612 431 2696 μίαν
452 2610 522 2678 τινά
552 2612 609 2697 τὴν
633 2611 785 2700 ὠφέλειαν
812 2608 1006 2700 ἓκατίρευθεν
1030 2609 1151 2687 πόντος
1177 2615 1392 2695 καρποῦσθαι,

283 2721 481 2801 συνορῶντας
494 2711 575 2792 εἰκός
594 2741 627 2782 τε
642 2717 693 2780 καί
707 2712 795 2798 μόλοι
813 2695 880 2793 τόῖς
896 2715 1069 2802 σπίρμασιν
1094 2708 1251 2800 ἁρμόττον
1266 2710 1395 2778 κατόπιν

282 2819 332 2887 ἰόν
344 2819 380 2886 τό
395 2815 560 2907 γεῶργιον·
585 2816 632 2896 οίς
645 2819 702 2903 μέν
719 2821 752 2898 ἓξ
764 2818 890 2906 ἀγαθῆς
905 2812 1112 2908 προαιρέσεως
1131 2815 1295 2904 ὁρμᾶσθαι
1308 2817 1393 2900 ἐνῆν,

282 2983 376 3108 plena,
394 2999 459 3054 quos
471 3001 529 3036 esse
542 2982 660 3038 infelices
673 2982 750 3037 iussit
761 2947 1135 3054 omnipotentts'provtdenttee
1147 2980 1309 3047 decretum),
1326 2995 1395 3050 quae

295 3070 387 3124 nquam
401 3071 418 3106 a
430 3053 536 3107 fortuna
552 3059 626 3118 sunt,
644 3071 677 3106 ea
689 3071 738 3122 ego
755 3071 804 3106 nec
817 3053 976 3106 laudaverim
995 3069 1053 3105 mea
1066 3050 1169 3120 quidem
1183 3059 1291 3120 sponte,
1309 3065 1395 3118 neque

282 3123 385 3177 omuino
395 3121 527 3175 retulerim
542 3121 567 3174 in
579 3139 624 3175 eus
636 3139 687 3187 res,
702 3141 768 3191 quae
782 3122 927 3192 vituperari
941 3122 1044 3175 debent.
1062 3121 1105 3173 lia
1118 3121 1184 3174 enim
1198 3136 1248 3171 non
1261 3127 1313 3170 tam
1327 3118 1395 3182 eius,

282 3193 327 3263 qui
344 3191 415 3262 agit,
433 3207 514 3260 opere
531 3209 589 3244 esse
608 3191 736 3256 dixerim,
759 3208 835 3260 quam
851 3191 1015 3245 temerarium
1031 3191 1157 3260 quendam
1173 3190 1293 3242 fortunae
1310 3187 1396 3257 impe-

227 3329 236 3348 *
280 3270 351 3326 tum,
368 3261 567 3344 senioveptisz
579 3279 626 3314 seu
639 3262 708 3344 pmni
729 3261 903 3314 calamitatum
918 3278 1016 3344 genere
1035 3259 1177 3342 saevientis
1187 3257 1320 3340 ‘advertus
1338 3273 1395 3320 eos,

281 3349 349 3454 ild
361 3325 1395 3470 itti?tldtllldl·,tilt‘ttltl‘lltdtmidltlltimidi&

281 3471 341 3524 dnm
356 3470 421 3523 illud
438 3487 547 3533 censeo,
565 3469 636 3538 quod
654 3476 758 3539 praeter
773 3470 930 3522 voluntatem
947 3469 1014 3522 male
1034 3465 1198 3520 successerit.
1232 3464 1297 3532 (Χ.)
1314 3463 1395 3515 Post-

281 3557 357 3612 quam
375 3539 465 3608 itaque
485 3537 688 3603 ostenderimus,
711 3538 840 3609 patientia
856 3537 902 3591 illa
920 3537 1068 3592 voluntaria
1087 3553 1119 3589 sc
1138 3534 1298 3597 deliberata,
1322 3541 1350 3586 et
1362 3549 1394 3585 eo

282 3609 352 3681 quod
364 3608 455 3662 ulcisci
469 3625 514 3661 eos
528 3609 608 3661 nollet
620 3607 729 3678 quitum
746 3607 847 3660 molesti
860 3616 945 3675 erant,
961 3608 1057 3660 iactum
1071 3623 1138 3671 esse,
1153 3612 1183 3656 ut
1195 3605 1223 3656 in
1234 3610 1309 3655 tenta
1322 3601 1394 3654 cala-

281 3677 399 3732 mitatum
414 3684 569 3747 tempestate
586 3677 716 3746 tantisque
729 3677 854 3730 fluetibus
871 3677 954 3730 iustus
971 3694 1003 3729 ae
1017 3675 1138 3729 caelestis
1153 3673 1322 3743 praemiorum
1338 3670 1394 3724 dis-

283 3753 407 3818 pensator
427 3748 548 3816 periculis
566 3747 681 3816 depulsis
700 3747 865 3817 tranquillum
879 3763 937 3799 eum
951 3763 1010 3800 esse
1022 3745 1141 3807 iuberet3
1158 3742 1322 3796 ostendemus
1340 3740 1395 3793 uti-

284 3833 335 3888 que
343 3817 431 3900 insius
446 3834 493 3869 suo
510 3817 585 3898 Ιοορ,
605 3816 762 3898 procedente
776 3818 826 3868 hoc
837 3833 936 3885 opere,
953 3831 1062 3886 quonum
1075 3819 1152 3884 paeto
1167 3810 1353 3894 sedvereissima
1368 3809 1395 3862 ei

284 3903 370 3940 omma
381 3887 491 3955 posthae
504 3886 661 3951 occiderint,
679 3885 816 3938 veritatem
828 3885 975 3940 historicam
986 3885 1100 3938 retinere
1115 3888 1266 3951 cupientes,
1284 3897 1316 3931 ac
1332 3895 1396 3948 per-

284 3955 395 4010 suadere
415 3956 466 4020 iis,
485 3955 570 4025 quiin
585 3957 651 4009 hauc
666 3961 809 4026 temporum
844 3963 926 4008 artem
945 3953 1102 4016 inciderint,
1126 3969 1158 4004 ne
1179 3968 1226 4003 nos
1245 3948 1396 4002 existiment

265 4039 435 4095 ¹(ptoeuuqne
455 4024 550 4078 effectu
567 4025 660 4078 ductos
677 4041 759 4094 snpra
774 4041 800 4078 m
834 4041 876 4076 um
889 4023 966 4076 dietis
981 4038 1141 4092 exaggerare
1160 4036 1208 4084 ea,
1226 4018 1334 4087 quaein
1349 4016 1395 4068 illo

282 4093 439 4148 homiue'vel
456 4093 534 4148 laude
552 4101 581 4147 et
593 4093 763 4148 admiratione
777 4093 857 4162 digna
870 4093 1041 4156 exstiterunt,
1058 4090 1101 4144 uel
1116 4091 1149 4142 ab
1163 4087 1252 4142 radice
1264 4084 1397 4140 coumaria

282 4163 456 4236 pullulsmntt
479 4161 526 4216 ssd
543 4163 619 4216 nobis
639 4161 791 4227 veritatem,
815 4171 894 4233 prout
909 4181 938 4214 se
953 4161 1059 4225 hebuit,
1077 4158 1264 4230 exponentibus
1277 4154 1397 4236 credent,

282 4241 313 4286 et
326 4249 402 4286 unam
419 4233 547 4302 quandam
565 4233 687 4304 utrinque
706 4249 793 4286 omnes
812 4232 949 4285 utilitatem
963 4230 1125 4301 percipient,
1141 4235 1339 4282 consentaneam
1354 4239 1397 4276 νι-

283 4301 375 4358 dsutea
390 4306 419 4358 et
436 4313 622 4375 congruentem
637 4301 778 4358 seminibus
793 4309 909 4374 segetem
926 4301 1017 4372 τορῶς
1041 4299 1131 4364 etde,
1148 4299 1194 4369 qui
1211 4313 1228 4350 a
1247 4295 1315 4348 bono
1334 4303 1398 4364 pro·
