3067 4792
534 287 897 360 suuousutouus.
1178 282 1285 358 1325

216 447 287 529 Ρος.
308 449 388 523 093,
411 451 441 514 1.
485 449 718 522 Κονοτοντῖνος
733 443 802 514 did
821 437 985 526 δεσπότης]
1015 447 1175 510 Cuntscus.
1195 450 1248 515 lib.
1261 451 1285 514 1.

129 552 197 612 esp.
215 538 245 597 1.
276 532 352 592 Vide
369 543 494 594 stemms
512 534 684 612 Pslseolog.
703 553 770 614 psg.
786 535 859 608 235.
901 543 1051 592 sumnus

217 621 290 698 Pflg·
314 622 394 696 293,
418 625 449 685 1·
492 613 544 682 'Es
560 623 617 700 τῆς
632 619 780 701 προτέρας
793 615 955 701 γυναικὸς]
977 617 1053 676 vids
1068 618 1283 704 lib.V11.csp.

81 728 87 734 ·
127 702 167 764 V.
182 711 255 760 sect.
274 709 302 767 t.
345 724 464 765 sorum.
1272 744 1274 752 ,

216 791 290 865 Pag·
312 789 392 864 294,
415 795 466 856 20.
489 778 645 862 Εὕὸοκίας
661 786 924 868 Πολοοολογίνης]
946 787 1175 850 Neocsesuritse
1192 789 1286 850 Primi
1360 863 1361 867 Ἰ

128 894 149 932 s
163 872 288 931 secretis
303 872 398 948 lilios,
421 873 609 933 Constantini
625 872 796 952 Palaeologi
810 873 961 953 Despotse
975 874 1097 948 uxoris,
1119 895 1154 934 sc
1168 895 1206 936 ex
1225 876 1284 936 elio

128 956 329 1016 Constantino
351 968 415 1018 tum
431 960 556 1032 vidone,
579 958 661 1018 unde
676 955 893 1038 Palaeologiuc
909 957 961 1018 hic
979 959 1223 1038 cognominatur,
1246 981 1286 1022 ex

125 1041 234 1123 priore
253 1042 403 1120 coniugio.
425 1045 502 1104 Vide
518 1044 600 1103 idem
616 1053 750 1103 stemma.
795 1063 929 1107 uucsuo.

218 1129 291 1207 Pug-
314 1128 392 1204 294,
415 1132 468 1196 23.
489 1122 699 1209 ‘Purpureus
716 1128 905 1209 παιδαρίοις]
928 1127 1189 1204 Adulescentibus,
1207 1148 1285 1207 quos

128 1203 389 1291 οἲοχοντοττουλους
418 1214 586 1289 vocabunt,
621 1211 710 1286 νέους
733 1217 796 1276 τοῖν
818 1207 1009 1296 εὐπατριδῶν
1016 1259 1025 1290 ,
1057 1215 1285 1274 Cuntscuzenus

127 1295 184 1355 lib.
207 1295 241 1359 Il.
267 1318 332 1376 esp.
351 1294 402 1364 40.
424 1298 514 1372 νέους
539 1303 603 1360 τῶν
622 1293 855 1379 εὐγενεστέρου,
876 1298 929 1364 lib.
950 1299 1003 1362 tlt.
1028 1318 1095 1380 cop.
1114 1299 1166 1366 43.
1209 1297 1286 1364 Vide

129 1382 232 1440 Gloss.
250 1381 328 1441 med.
344 1383 477 1443 Graecit.
491 1385 522 1443 in
542 1382 600 1442 hcc
619 1403 706 1444 vocs.
748 1402 884 1446 uucsuo.

218 1470 289 1546 Peg.
311 1467 392 1541 295,
415 1474 466 1535 10.
510 1468 544 1527 ld
559 1468 642 1548 quod
656 1467 760 1528 deerat
774 1466 806 1524 in
823 1467 953 1527 editione
973 1463 1138 1544 Wolfisns,
1160 1470 1286 1550 supple·

128 1550 231 1610 vimus
253 1572 291 1612 ex
311 1551 423 1612 Codice
444 1553 546 1631 Regio.
587 1552 647 1614 Sed
671 1561 702 1612 et
723 1549 897 1638 ngdericus
918 1552 1151 1629 Rostgssrdius‚
1175 1555 1285 1615 nobilis

128 1635 247 1711 lienus,
269 1635 319 1694 cui
343 1647 373 1694 et
391 1658 438 1696 me
455 1648 486 1697 et
501 1639 664 1715 Gregorarn
684 1637 778 1695 mults
802 1635 911 1695 debere
934 1635 966 1694 in
988 1637 1175 1715 praefatione
1193 1635 1285 1699 buius

130 1720 233 1800 operis
248 1721 404 1799 professus
419 1743 500 1799 sum,
521 1722 601 1782 idem
616 1720 677 1781 hoc
693 1719 950 1800 supplementum,
974 1741 1012 1779 ex
1029 1721 1140 1780 Codice
1160 1719 1286 1782 Vstics-

129 1825 170 1863 no
194 1804 396 1885 descriptum,
431 1809 525 1866 Rorns
553 1806 591 1866 ad
615 1827 663 1866 ms
687 1807 784 1865 misit:
816 1825 851 1865 ac
872 1803 1050 1886 iampridem
1079 1805 1157 1864 illud
1183 1806 1285 1885 ipsum

130 1889 235 1969 steph.
252 1891 396 1950 baluzius
411 1913 451 1954 ex
466 1893 573 1954 eodem
587 1891 662 1951 Cod.
679 1889 812 1951 describi
833 1899 990 1950 curaverat
1004 1891 1036 1950 in
1056 1905 1146 1950 usum
1160 1891 1286 1952 Ducen-

130 1994 183 2053 gu.
225 1995 342 2036 sorvis.

220 2063 292 2140 Peg.
315 2061 394 2133 296,
417 2059 469 2124 20.
496 2053 604 2138 Πατὴρ
623 2054 657 2120 δὲ
675 2062 737 2120 τοῖν
753 2057 786 2120 ἐκ
801 2052 956 2140 Κομοὶνοτν
973 2057 1134 2138 ἐπίσημος,
1156 2061 1188 2123 οἳ
1201 2057 1286 2140 πυροὶ

129 2147 194 2206 τοῖν
209 2141 367 2227 infosso]
390 2144 530 2202 Petsvius
547 2152 689 2217 verteret,
713 2141 805 2204 Pater
818 2164 886 2203 uero
904 2167 920 2203 e
934 2143 1074 2204 Comanis
1088 2142 1231 2205 oriundus
1248 2144 1286 2207 tt.
1366 2141 1388 2218 g

131 2225 220 2288 lustri
235 2225 313 2291 loco.
341 2226 446 2288 Ambo
465 2225 567 2308 (pater
582 2229 707 2304 scilicet,
725 2243 752 2286 et
763 2223 966 2312 moter,)‚vero
979 2243 1047 2286 oute
1065 2227 1174 2291 multos
1191 2252 1286 2292 anuos

130 2335 174 2372 ex
189 2309 388 2395 Hyperboreis
403 2310 529 2389 Scythis,
551 2315 598 2372 uti
611 2333 701 2393 supro
721 2315 956 2388 enumeravimus,
978 2309 1020 2371 ud
1035 2307 1175 2372 Ioannem
1196 2317 1286 2398 impe·

131 2412 261 2455 retorem
276 2422 336 2458 sese
351 2395 571 2459 transtulerunt.
619 2398 817 2471 vertendum,
838 2398 881 2456 its
897 2406 932 2455 ut
950 2397 1114 2472 edidimus,
1140 2403 1228 2459 Putes
1249 2399 1286 2459 il·
1322 2403 1325 2408 ’

132 2479 221 2544 lustri
242 2479 310 2542 loco
327 2479 497 2542 oriunduee
517 2477 666 2556 Comanis,
688 2479 751 2542 illis
764 2479 889 2554 scilicet,
910 2484 964 2563 gui
982 2497 1050 2541 unte
1063 2479 1174 2542 multos
1191 2503 1287 2545 anuos

131 2585 175 2626 es:
191 2563 391 2648 Hyperboreis
404 2563 538 2644 Scythis,
555 2576 612 2629 stc.
658 2567 723 2625 Non
737 2568 851 2644 legeret
866 2565 1007 2625 Petsvius
1027 2586 1062 2626 es
1080 2587 1156 2646 quse
1170 2567 1208 2628 de
1222 2570 1286 2628 Co-

131 2650 230 2710 msuis
247 2653 359 2731 scriptu
375 2661 446 2709 sunt
461 2672 552 2730 supro
567 2651 620 2712 lib.
637 2651 676 2711 ll.
691 2672 759 2730 cop.
777 2651 811 2714 V.
832 2661 905 2714 sect.
918 2658 949 2718 2.
992 2671 1111 2714 sorvis.

222 2738 295 2819 Peg.
318 2740 398 2811 296,
422 2743 473 2802 22.
503 2729 628 2820 Ἰωάννῃ
641 2741 683 2821 τῷ
698 2738 819 2814 βασιλεῖ
831 2728 1085 2818 προσερᾇησαν]
1107 2735 1157 2796 Ad
1172 2737 1286 2798 Ducem

132 2819 260 2882 scilicet.
285 2821 359 2880 Vide
373 2841 466 2900 supra
478 2819 533 2882 lib.
549 2819 586 2880 11.
603 2841 669 2900 esp.
685 2820 722 2880 V.
738 2829 810 2884 sect.
826 2827 856 2888 2.
899 2839 1013 2881 οοιττο.
1098 2851 1101 2856 -

220 2903 293 2987 Peg.
314 2909 392 2980 301,
416 2908 447 2968 8.
487 2903 522 2966 ‘0
534 2901 642 2991 μὲντῇ
662 2910 719 2967 τοῦ
734 2900 867 2986 μεγάλου
888 2901 1026 2987 ποντίου]
1050 2904 1092 2966 οο
1106 2903 1167 2965 lure
1186 2906 1288 2986 Magni

132 2988 261 3068 Pspise,
289 3001 320 3050 et
332 2990 399 3049 aliis
415 2987 467 3048 hio
480 2991 653 3051 memoretis
663 2991 806 3072 palatinis
821 2989 1032 3070 dignitatibus,
1054 2989 1168 3070 egimus
1178 2991 1210 3052 in
1219 2993 1286 3054 eod.

136 3076 235 3136 Closs.
278 3095 410 3136 uocsue.

224 3164 298 3240 Peg.
320 3164 404 3236 303,
427 3163 477 3225 11.
519 3157 554 3222 ‘0
577 3157 681 3239 μέντοι
702 3157 869 3243 λογοθὲτης
887 3165 943 3226 τοῦ
966 3162 1109 3243 γεντκοῦ]
1137 3161 1288 3222 Theodo-

134 3263 190 3306 rus
212 3243 391 3320 Metocbits,
420 3261 520 3323 aquo
546 3245 744 3307 instauratum
768 3243 886 3308 Chorse
912 3246 1142 3321 monasterium,
1165 3267 1288 3308 rursum

135 3351 203 3409 cup.
219 3350 283 3408 seq.
304 3340 337 3390 ut
359 3339 389 3390 et
404 3330 547 3390 docemus
565 3331 598 3390 in
616 3325 844 3412 Cosutsntiuop.
867 3330 976 3394 Christ.
995 3331 1049 3394 lib.
1064 3331 1115 3391 lv.
1132 3342 1204 3393 scot.
1219 3333 1287 3395 XV.

134 3437 167 3476 n.
184 3415 215 3480 5.
256 3436 385 3475 cucuso
978 3447 981 3458 ·
1268 3459 1271 3470 .

226 3503 299 3580 Pug-
321 3504 401 3576 303,
425 3486 474 3564 lb.
521 3495 584 3578 Τήν
598 3498 630 3574 ἐξ
653 3495 781 3581 iussique
805 3500 991 3582 παννυχίδα]
1014 3501 1182 3580 Interpres,
1202 3524 1223 3560 ο
1241 3521 1289 3559 ue·

135 3606 223 3668 spera
236 3581 279 3643 od
296 3600 443 3646 nocturna
457 3605 545 3645 socru
559 3581 615 3642 illu
629 3579 666 3644 de
679 3607 761 3644 more
775 3587 915 3647 accessit:
937 3587 1170 3662 emendavimus,
1191 3582 1233 3645 ud
1244 3607 1289 3644 ue-

135 3690 241 3751 sperue
253 3667 337 3730 illius
358 3667 487 3750 uigilias.
510 3689 643 3728 cucuso.
687 3669 822 3746 Wollius,
843 3667 885 3728 ud
901 3688 1047 3734 nocturne
1061 3691 1160 3732 sacru.
1181 3670 1288 3730 Melius

135 3757 274 3830 Ducsng.
292 3751 334 3812 ed
352 3751 435 3815 illius
453 3775 587 3836 vesperae
603 3751 732 3833 uigilias.
776 3775 892 3814 uosvis.

223 3843 401 3921 Pagssos,
423 3845 475 3906 22.
519 3832 762 3919 Πελεκυφόρων]
796 3837 1023 3923 Varcrgorum,
1060 3837 1098 3900 de
1126 3839 1235 3919 quibus
1258 3841 1290 3898 in

137 3933 270 4004 utroque
284 3923 439 3984 Glossario
454 3923 548 3982 mults
567 3924 781 4000 congessimus.
825 3945 958 3986 uussuo.

225 4012 302 4089 Pssg.
326 4009 405 4084 304,
429 4013 478 4073 10-
524 4005 591 4088 Πρό
606 4012 663 4070 τοῦ
678 4005 837 4092 ου’κτηρίον
856 4015 911 4089 τῆς
924 4011 1098 4072 Ντκοττοιοῦ
1115 3999 1287 4082 Θεοτόττου]

140 4093 259 4169 Quibus
269 4094 394 4154 vocibus
405 4093 532 4171 intelligi
543 4093 646 4153 sedem
654 4092 852 4176 Hodegetriss
862 4095 1023 4174 Deipsrss,
1033 4093 1175 4168 colligere
1189 4091 1290 4167 quivis

139 4190 244 4260 potest
274 4181 371 4239 exiis
401 4199 478 4258 quse
503 4179 698 4240 observemus
724 4181 757 4240 in
780 4179 1006 4262 Coustsutiuop.
1029 4178 1140 4240 Christ.
1171 4175 1222 4234 lib.
1239 4174 1289 4236 Ν.

139 4275 216 4327 sect.
232 4263 269 4324 ll.
285 4284 315 4323 n.
329 4262 381 4330 24.
421 4284 553 4328 uucsuo.

210 4363 373 4433 smum
386 4363 500 4434 unger.
522 4363 581 4417 ros
595 4363 631 4418 u.
1039 4351 1082 4414 78
1106 4343 1110 4350 '
