3067 4792
272 270 353 386 aas!
580 282 816 353 mcuruou
836 283 1113 357 caacomn'

109 453 139 501 Α·
152 450 185 501 Μ·
198 442 364 519 685ὅθειάν
376 472 410 513 τε
427 447 477 511 καὶ
490 443 699 534 Περιθάριον,
726 451 779 513 κοιλ
793 446 856 515 ὅσα
877 450 930 537 έφ’
948 446 1078 538 ἑκάτερα
1092 454 1144 518 καλ
1156 451 1273 536 μεταξδ
1287 453 1380 519 πολί-

154 610 156 620 .
247 549 348 641 uffa
364 576 397 615 τε
419 553 470 615 καλ
488 553 609 635 χωρία,
637 552 688 615 καὶ
711 551 930 637 στρατεάματα
952 554 1060 621 ἱππικὰ
1075 554 1231 639 τεττάρων
1242 557 1379 621 ἐπέκεινα

269 653 427 743 χιλιάδων.
468 651 539 741 (A.)
565 654 684 739 Θέρονς
697 654 730 718 δ’
745 654 806 739 ἤδη
820 664 998 738 μεσοῦντος,
1018 661 1068 723 καὶ
1083 667 1140 741 τῆς
1151 660 1249 743 γῆςέν
1263 658 1378 741 άκμιιῖς

274 752 473 844 δπαρχοάσης
488 760 543 821 τοῦ
559 757 665 835 σίτου,
696 758 752 833 τάς
769 757 914 841 δυνάμεις
927 760 1098 846 άνειληριδς
1114 759 1238 836 άπάσας
1252 757 1269 825 ό
1282 767 1377 840 βασι-

273 863 344 937 λεδς
372 856 458 943 ε’γγός
476 884 536 924 που
559 864 614 924 τοῦ
629 862 822 947 Περιθορίου
833 865 1170 949 παρεστρατοπέδευσε,
1198 866 1249 928 καὶ
1262 866 1305 939 είς
1318 859 1399 928 ort-⁵

275 970 320 1043 ξεν
335 961 500 1046 πολεμικὴν
513 958 663 1045 διεκόσμει
678 988 710 1028 τε
725 967 776 1028 καὶ
789 966 952 1032 συνέταττε
966 972 1058 1052 σφᾶς.
1086 966 1147 1050 ἤδη
1162 966 1196 1031 δέ
1209 968 1260 1031 καὶ
1275 963 1378 1044 όΜο-

273 1070 411 1151 μιτίλας,
440 1061 629 1151 ὁρμητήριον
652 1064 764 1153 ὀχυρὸν
780 1064 893 1133 ἑαυτοῦ
915 1070 950 1135 τὸ
965 1066 1157 1155 Περιθόριον
1178 1066 1379 1151 καταστησά-

241 1176 381 1255 Εμενος,
404 1163 481 1254 ἐξῄει
499 1172 627 1243 πολλοῖς
643 1192 674 1234 τε
692 1170 905 1257 πεφραγμένος
928 1182 997 1249 ταῖς
1019 1169 1167 1252 δυνάμεσι
1191 1173 1244 1236 καὶ
1263 1172 1379 1235 πλείονι

274 1270 520 1358 έκτετυφωμένος
535 1277 578 1357 τῷ
591 1267 714 1357 θράσει.
739 1274 812 1339 οὐδὲ
822 1274 881 1359 γάρ
896 1274 986 1340 οὐδέν
999 1273 1069 1339 οὔτε
1081 1274 1193 1361 μικρὸν
1206 1271 1277 1339 οὔτ’
1291 1272 1380 1358 ἆγεν-

275 1376 324 1452 νές
337 1366 630 1459 δπολογίζεσθαιῆν
653 1374 738 1463 αὐτῷ
761 1380 829 1461 περὶ
846 1375 979 1443 ἑαυτοῦ·
1016 1377 1089 1442 ἀλλ’
1119 1375 1222 1463 ὥσπερ
1245 1376 1276 1441 έν
1290 1378 1378 1462 χερσί
1387 1385 1424 1437 10

275 1478 333 1563 τὴν
347 1480 433 1561 νίκην
449 1475 509 1560 ἤδη
527 1479 578 1541 καὶ
593 1476 652 1563 πρδ
667 1484 723 1560 τῆς
737 1482 844 1563 πείρας
856 1478 933 1563 έχων
948 1485 1011 1545 τῶν
1027 1482 1189 1563 πολεμίων,
1218 1477 1301 1544 οὕτω
1315 1504 1380 1559 μα-

277 1586 341 1670 κρῷ
357 1586 402 1669 τῷ
417 1577 530 1675 θράσει
545 1578 622 1665 ῥέων
635 1581 665 1655 ές
679 1580 794 1661 μέσους
806 1581 919 1665 ἤλαυνε
933 1583 1006 1658 sodo
1020 1585 1193 1665 πολεμίους.
1222 1578 1331 1669 (Ε.)Ό
1346 1580 1381 1646 δέ

173 1688 206 1743 Ρ.
217 1682 418 1767 λόλβασιλεδς
434 1681 512 1749 κατά
528 1681 670 1765 μέτωπον
690 1688 753 1749 τῶν
771 1688 923 1767 πολεμίων
940 1683 1051 1751 ἑαυτὸν
1070 1684 1150 1750 κατά
1172 1691 1235 1749 τῶν
1248 1681 1381 1766 Ῥωμαϊ-

275 1794 337 1853 κῶν
358 1783 517 1867 δυνάμεων
540 1783 767 1868 συνταξάμενος
790 1787 848 1871 τὴν
870 1787 984 1874 έιροδον
1005 1790 1056 1852 καλ
1078 1788 1133 1857 τὸν
1148 1783 1265 1873 δρόμον
1288 1787 1381 1871 έκαρ-

275 1890 354 1973 τέρει
371 1895 426 1954 τοῦ
450 1890 639 1969 Μομιτίλου.
667 1888 724 1963 τάς
746 1891 781 1954 δέ
794 1892 951 1975 Περσικὰς
967 1887 1130 1973 δυνάμεις,
1157 1886 1276 1965 πολλάς
1294 1912 1381 1963 τινας
1390 1904 1424 1959 15

276 1992 389 2071 odone,
416 1997 459 2066 είς
481 1990 593 2075 άκριβῆ
610 1989 775 2075 περνήλασε
790 1990 918 2074 κάκλον,
947 1989 990 2069 ὥς
1010 1994 1042 2058 έν
1056 1993 1160 2081 μέσῳ,
1188 1989 1332 2077 καθάπερ
1349 1992 1382 2056 έν

176 2108 209 2162 V.
217 2108 270 2165 ³70
277 2096 378 2180 εἱρκτῇ
393 2095 443 2157 καὶ
458 2090 587 2181 δικτύῳ,
617 2100 854 2179 συγκλασθῆναι
866 2099 1049 2179 Μομιτίλαν
1068 2096 1148 2179 μετὰ
1167 2092 1269 2178 πάσης
1283 2094 1382 2159 αὐτοῦ

277 2204 334 2281 τῆς
352 2192 521 2278 δυνάμεως.
550 2196 612 2260 ἐπεὶ
637 2198 670 2261 δέ
685 2200 737 2261 καὶ
760 2210 824 2273 τοῖς
844 2204 906 2265 τῶν
923 2202 1097 2283 σαλπίγγων
1112 2223 1145 2263 τε
1161 2200 1211 2263 καὶ
1225 2204 1288 2262 τῶν
1302 2222 1383 2279 svu-

277 2295 384 2365 πάνων
406 2295 528 2385 κρότοις
551 2302 786 2383 συνανεκίρνατο
808 2298 900 2385 καὶὴ
924 2312 990 2377 τοῖς
1009 2298 1184 2387 βαρβάροις
1207 2299 1298 2383 ἤθεσι
1320 2304 1383 2363 τῶν

246 2407 411 2489 ΒΠερσῶν
433 2403 501 2486 περὶ
533 2400 606 2477 τοδς
628 2402 781 2483 πολέμους
802 2401 956 2488 ἡλικιῶτις
975 2404 1090 2488 κλαγγὴ
1102 2451 1112 2481 ,
1150 2399 1247 2477 πολός
1265 2426 1298 2466 τε
1322 2399 1427 2469 sionim

275 2502 378 2571 πάντα
392 2504 446 2571 τὸν
457 2510 560 2589 χῶρον
576 2507 690 2570 ἐκεῖνον
707 2502 724 2570 ὁ
740 2503 882 2591 θόρυβος
897 2500 935 2590 ἦν
956 2509 1008 2570 καὶ
1027 2504 1144 2587 πολλὴν
1168 2506 1201 2580 ἐξ
1222 2503 1383 2590 άπροσδο·Ι

275 2604 372 2692 scrineo
390 2614 434 2696 τῷ
450 2609 613 2697 Μομιτίλρ
627 2607 684 2690 τὴν
701 2606 889 2693 κατάπληξιν
904 2610 1030 2674 ένεποίει
1046 2610 1097 2671 καὶ
1115 2606 1176 2691 πρὸ
1193 2612 1248 2690 τῆς
1263 2606 1381 2693 πείρας,

275 2713 327 2777 καί
357 2710 393 2776 sd
416 2716 531 2797 γαῦρον
561 2712 654 2776 έκεῖνο
686 2709 811 2797 σφόδρα
840 2714 892 2777 καὶ
913 2710 1067 2795 μετέωρον
1087 2709 1203 2794 έθραυε
1223 2705 1381 2794 φρόνημα.

276 2812 345 2904 (ς’.)
371 2816 436 2879 Καὶ
451 2815 504 2879 ‘isa
525 2811 583 2889 τὰς
605 2814 636 2878 έν
659 2813 745 2901 μέσῳ
765 2812 862 2897 τόχας
883 2816 935 2879 καί
957 2808 1185 2898 ἀγχιστρόσους
1209 2812 1310 2887 ἱλικας
1325 2814 1383 2876 τοῦ

277 2918 412 3001 πολέμου
438 2916 660 3005 παρέλθωμεν,
688 2923 750 2983 τῶν
770 2919 873 2981 ἰ’ππων
895 2916 992 2993 εδθδς
1015 2912 1189 2997 ἀποβάντες
1211 2914 1241 2979 oi
1261 2915 1427 2989 πλείουςλὸ

277 3044 343 3109 einim
365 3051 426 3099 tunc
445 3045 585 3099 inditione
604 3062 652 3099 sua
671 3046 748 3098 urbes
761 3045 901 3098 Xanthiam
921 3062 953 3099 ac
965 3044 1152 3106 Perithoum,
1169 3046 1199 3096 et
1212 3057 1384 3113 quaeeunque

277 3115 334 3167 sive
347 3114 467 3182 utrinque
484 3114 618 3177 adiacent,
635 3114 692 3165 sive
705 3116 843 3169 interiecta
856 3121 925 3177 sunt,
943 3114 1081 3183 municipia
1094 3130 1126 3166 nc
1138 3113 1211 3176 iooa;
1229 3120 1257 3163 et
1268 3111 1384 3179 equitum

277 3182 347 3235 ultra
360 3192 472 3251 quatuor
484 3182 571 3238 miliia.
601 3182 677 3250 (lv.)
694 3183 783 3237 Media
797 3185 847 3237 ism
860 3192 969 3245 aestate,
986 3200 1042 3235 cuns
1056 3184 1148 3251 fruges
1160 3193 1274 3234 maturae
1287 3188 1385 3244 essent,

276 3252 417 3320 imperator
430 3251 512 3320 copiis
526 3251 641 3303 omnibus
662 3268 746 3304 secum
759 3252 899 3321 assumptis
915 3260 1113 3304 castrametatos
1125 3260 1166 3303 est
1178 3250 1251 3302 iuxta
1263 3240 1385 3302 Peritho-

277 3320 359 3383 τίνω,
377 3337 486 3387 suosque
500 3321 558 3372 acie
576 3320 677 3372 directa
694 3321 820 3373 instruxit
838 3327 866 3373 et
885 3322 1025 3374 ordinavit.
1060 3320 1113 3372 iam
1133 3329 1217 3372 autem
1235 3318 1384 3382 Momitiias,

277 3406 334 3442 cum
349 3389 375 3441 in
390 3390 454 3441 urbe
470 3388 617 3441 Perithorio
633 3390 790 3458 praesidium
804 3390 854 3442 sibi
868 3390 965 3443 tis-snum
980 3387 1173 3450 constituisset,
1190 3404 1283 3454 magna
1301 3386 1387 3455 stipo·

276 3464 320 3511 tus
340 3458 466 3511 homiuum
484 3474 558 3511 mann
581 3466 609 3510 et
634 3458 773 3511 maioribus
790 3460 880 3511 animis
895 3459 1018 3522 inflatus,
1044 3458 1186 3527 prodierat
1222 3455 1298 3508 Nihil
1318 3456 1386 3507 enim

277 3544 400 3611 parvum,
424 3527 489 3579 nihii
509 3527 602 3580 humile
623 3530 656 3581 de
676 3546 704 3579 se
723 3545 831 3598 sperare
849 3529 874 3580 ei
894 3529 1079 3590 suocorrcbet3
1097 3528 1144 3579 sed
1161 3525 1236 3595 qussi
1250 3524 1386 3576 victoriam

277 3612 343 3659 sarn,
361 3596 528 3649 antefactum
544 3613 649 3665 pugnae
662 3598 819 3667 periculum,
838 3598 947 3653 haberet
958 3614 1023 3665 pree
1035 3596 1165 3659 manibus,
1183 3594 1282 3646 medios
1295 3593 1322 3644 in
1338 3595 1387 3645 ho-

276 3672 330 3717 stes
351 3665 407 3715 ruit
426 3665 516 3732 plenus
535 3666 667 3718 ausiaciee.
703 3666 764 3735 (V.)
783 3669 819 3719 At
834 3666 991 3735 imperator,
1009 3668 1134 3728 adsersus
1150 3664 1261 3715 hostium
1276 3663 1386 3714 frontem

277 3751 306 3786 se
320 3737 348 3785 et
362 3734 488 3787 Romanu
500 3734 614 3801 legiones
629 3752 684 3787 cum
698 3736 865 3798 coltocasset,
882 3734 1004 3805 impetum
1016 3743 1095 3802 atque
1106 3732 1277 3785 incursionem
1292 3730 1388 3783 Mosai-

275 3802 340 3855 tilae
356 3802 506 3855 sustinebat
542 3804 661 3857 Persicas
681 3813 766 3856 autem
785 3804 872 3867 sires,
895 3822 962 3872 quae
978 3817 1129 3855 numerosae
1144 3806 1236 3863 erent,
1252 3800 1280 3851 in
1298 3801 1387 3851 orbern

277 3879 399 3924 amurate
413 3870 526 3940 undique
541 3872 675 3939 explicuit,
692 3873 759 3925 utin
773 3873 874 3938 medio,
890 3880 1012 3943 tanquam
1025 3888 1131 3925 concere
1143 3878 1188 3923 sot
1200 3870 1309 3930 retibus,
1328 3868 1388 3919 Mo·

276 3940 372 3993 mitiias
388 3956 444 3992 cum
458 3941 526 3993 οαιιιὶ
539 3958 584 3991 suo
600 3940 716 3993 exercitu
731 3942 913 3995 includeretur.
947 3940 1042 3993 Statim
1056 3956 1119 3994 sero
1134 3946 1214 4007 suque
1225 3939 1345 3990 tubarum
1359 3942 1389 3989 et

276 4015 454 4079 tympanorum
474 4026 537 4061 sono
556 4011 634 4062 ruista
653 4018 693 4062 est
713 4010 759 4063 ilia
779 4011 899 4063 barbaris
920 4012 1056 4064 Persarum
1075 4010 1190 4060 moribus
1209 4005 1344 4059 ismiiisris
1360 4004 1388 4058 iu

277 4078 343 4131 bello
356 4078 518 4145 vociferatio,
536 4078 658 4147 plurimus
671 4096 830 4147 peromnem
839 4080 910 4133 ilium
923 4079 1006 4133 iocum
1019 4075 1270 4140 moltonnum,
1288 4082 1317 4128 et
1328 4073 1388 4126 Μο-

276 4146 397 4211 mitiiam,
414 4154 550 4216 antequam
566 4154 692 4200 tentatum
706 4156 777 4201 esset
792 4149 930 4218 praeiiom,
948 4149 981 4201 de
995 4146 1135 4215 inproviso
1150 4147 1315 4197 venementer
1327 4158 1390 4211 per-

277 4216 359 4280 culit,
377 4216 537 4285 animumque
551 4216 622 4269 illum
643 4218 736 4269 elatum
758 4224 787 4269 et
804 4218 955 4269 inscientem
974 4218 1063 4285 fregit
1098 4216 1174 4281 (Vi.)
1193 4217 1278 4282 Atque
1295 4219 1326 4265 ut
1342 4226 1389 4263 eos

278 4300 369 4350 cuns,
383 4284 430 4356 qui
445 4286 525 4341 medii
545 4285 732 4351 intercessere,
750 4294 780 4340 et
793 4286 893 4341 c'eieres
910 4286 1063 4340 eitemaotis
1082 4300 1186 4355 pugose
1205 4279 1390 4337 conversiones
