3067 4792
383 306 616 378 ffls'rotttaa
636 306 917 379 BYZANTINAE
934 304 1041 377 xvn
1055 318 1086 381 2
1203 296 1280 373 ⁸49

178 472 376 555 Βυζαντίων,
416 467 607 559 ἐξεκροόοντι
638 467 839 557 πανταχόθεν
865 473 918 537 καί
946 466 1085 560 ἀπῄεσαν
1109 464 1278 560 τραόματα
1293 474 1444 537 &diditi

76 652 81 661 ¹
176 582 306 644 πλεῖστα
322 571 481 659 λαβόντες·
507 576 586 661 πλὴν
603 575 649 644 δτι
660 572 1024 663 θαλαττοκρατήσαντες,
1048 554 1444 676 drtpottontffiffii

178 704 213 745 τε
234 682 286 746 καί
305 676 402 745 πάλαι
423 680 638 764 ἐμηχανῶντο,
661 678 698 746 οὗ
722 676 820 764 μόνον
840 674 945 755 πόσας
967 678 1139 765 ἐχειροῦντο
1160 678 1218 756 τός
1246 680 1280 757 ἐξ

171 776 402 867 Ἡλησπόντου
411 784 566 871 καταίρειν
577 779 987 867 έςΒυζόντιονέπειγομένας
1000 780 1175 869 φορτηγοδς
1188 787 1278 867 νῆας,

57 908 63 919 ·
155 884 261 951 δόλλδ
275 888 326 952 καί
342 884 414 953 δσαι
434 884 492 971 τὴν
505 887 710 971 σιτοπομπίαν
725 882 863 969 ἐκόμιζον
876 884 910 950 ἐκ
922 890 980 951 τοῦ
991 884 1153 966 Εὐξείνου,
1175 881 1281 963 πόσας

178 988 286 1073 ἐπίσης
302 986 402 1077 εἶργον
423 995 480 1056 τοῦ
500 990 625 1056 εἴσπλου
650 991 701 1055 καί
722 989 1031 1075 ἐξηνδραποδίζοντο·
1065 984 1109 1065 ὥς
1136 988 1280 1054 ἐντεῦθεν

178 1088 290 1158 σπάνιν
311 1092 490 1179 ἐγγενέσθαι
517 1099 557 1181 τῇ
577 1088 662 1159 πόλει
682 1092 771 1159 σίτου
796 1093 848 1157 καλ
868 1096 933 1159 τῶν
950 1089 1052 1167 ἄλλως
1067 1086 1200 1175 ἐχόντων
1212 1090 1309 1167 dur-n

177 1196 317 1279 τηδείων.
358 1192 426 1285 (ς’.)
449 1192 495 1261 Ἡ
513 1196 548 1261 δὲ
559 1197 682 1278 βασιλὶς
693 1191 811 1283 Είρήνη
818 1243 829 1275 ,
859 1199 917 1260 τοῦ
931 1182 1281 1282 πρόγματοςοῖίφνιδίου

177 1297 437 1381 συμπεπτωκότος
462 1296 543 1386 αδτῇ
563 1300 614 1364 καὶ
637 1304 699 1365 τῶν
721 1293 887 1384 προσόδων
911 1296 1187 1381 ἀποκεκλεισμένων
1200 1324 1282 1364 παν-

133 1402 171 1457 1⁰
178 1398 316 1484 ταχόθεν
321 1450 333 1483 ,
358 1396 553 1489 στρατιώτας
573 1402 631 1485 μέν
652 1400 774 1486 ὀλίγους
795 1401 829 1467 ἐκ
846 1406 910 1465 τῶν
923 1397 1165 1487 παρατυχόντων
1180 1403 1282 1467 δοῦσα

175 1509 223 1592 τῷ
243 1503 302 1593 υἱῷ
321 1502 498 1589 Μανασὴλ,
520 1500 673 1595 ἐπιτρόπῳ
696 1499 868 1589 τηνικαῦτά
881 1527 915 1588 γε
936 1500 1000 1568 όντι
1013 1509 1076 1569 τῶν
1089 1503 1280 1585 Βυζαντίων,

175 1606 322 1691 περιϊέναι
345 1606 401 1691 τὴν
424 1603 514 1673 πόλιν
543 1607 658 1673 ἐκέλευε
685 1608 738 1673 καί
762 1602 1018 1693 παραθαρρύνειν
1042 1603 1085 1682 ὥς
1106 1603 1203 1684 ἴξεστι
1224 1605 1281 1672 τδν

175 1706 270 1793 όχλον
285 1712 329 1785 είς
348 1708 487 1793 ἄμυναν·
514 1716 685 1799 πειρᾶσθαι
707 1710 742 1775 δὲ
763 1704 1037 1795 διαπεραιοόμενον
1058 1708 1110 1773 καὶ
1131 1707 1212 1774 ιἰατδ
1225 1714 1312 1793 adep·

175 1817 239 1878 τῶν
261 1814 415 1895 πολεμίων
437 1810 573 1891 πόλεως,
601 1807 856 1897 ἀπροσδοκήτως
876 1813 929 1877 καὶ
948 1812 1121 1899 αι’φνιδίους
1134 1807 1282 1894 ποιοόμε-

132 1916 230 1980 15νον
255 1914 312 1991 τδς
332 1912 476 2004 ἐφόδους.
504 1913 522 1982 ὃ
544 1914 584 2000 δὴ
600 1912 721 2003 νόκτωρ
742 1917 795 1981 καὶ
817 1912 895 1998 μεθ’
912 1911 1031 2002 ἡμέραν
1052 1919 1149 1981 ποιῶν
1170 1914 1285 1992 ἐκεῖνος

174 2014 261 2083 ἴκαεν
274 2016 334 2083 ὅσα
349 2019 468 2106 τείχους
482 2018 569 2095 ἐκτός
583 2012 665 2103 ἦσαν
678 2018 786 2095 αὐτοῖς
798 2013 954 2105 πρυαόλια
968 2020 1019 2085 καί
1034 2014 1189 2101 οἰκήματα
1203 2016 1283 2105 πρὸς

172 2121 356 2207 καταγωγὴν
367 2128 431 2189 τῶν
447 2123 480 2199 ἐξ
494 2122 653 2206 ἐμπορίας.
682 2119 762 2206 αὕτη
776 2122 812 2187 δέ
825 2119 925 2204 συχνδ
939 2127 1002 2187 τῶν
1014 2121 1196 2201 Βυζαντίων
1206 2120 1283 2197 τοδς

171 2223 362 2308 προέχοντας
395 2224 656 2309 μεταπεμπομένη
686 2220 792 2310 λόγοις
812 2219 892 2307 δμοῦ
922 2226 975 2291 καί
990 2234 1142 2311 χρησταῖς
1164 2225 1281 2291 ἐλπίσιν

171 2324 404 2413 εόθσμοτέροος
426 2330 567 2393 καθίστα
574 2376 586 2408 ,
612 2328 664 2394 καί
687 2328 834 2411 ἐβεβαίου
854 2325 893 2393 τδ
916 2323 1084 2415 πρόθυμον
1098 2334 1206 2414 σφῶν,
1228 2328 1283 2393 καί

114 2424 273 2518 ,βθρᾴους
297 2429 356 2515 τὴν
377 2429 485 2514 ψυχὴν
507 2426 659 2519 είργόιζετο
683 2428 761 2515 πρδς
782 2429 839 2497 τὸν
861 2426 1006 2514 πόλεμον.
1049 2428 1122 2520 (Ζ.)
1141 2428 1225 2515 Ἤδη
1247 2428 1379 2501 diffidi

172 2530 232 2596 κάκ
247 2532 401 2613 βασιλέως
417 2532 533 2611 ἐξωθεν
553 2532 853 2620 ,decempondera
873 2529 1029 2619 σποράδες
1041 2531 1129 2605 ἄλλοι
1146 2530 1282 2599 ἄλλοθεν

172 2633 205 2709 ἐς
219 2630 395 2714 Βυζάντιον
410 2636 463 2703 καὶ
489 2632 575 2721 λόγοι
597 2630 880 2720 παραμυθοόμενοι
893 2635 1084 2716 Βυζαντίους
1102 2637 1155 2701 καί
1176 2660 1283 2723 παρα-

172 2734 387 2829 κελευόμενοι,
407 2736 454 2823 μὴ
473 2736 632 2813 πεπτωκός
644 2735 725 2813 ὅλως
748 2734 929 2821 κτήσασθαι
946 2734 1095 2825 φρόνημα
1123 2737 1203 2823 πρὸς
1222 2737 1281 2822 τὴν

172 2836 416 2929 ἀπροσδοκήτως
430 2842 646 2927 ἐπενεχθεῖσαν
659 2842 789 2925 ταυτηνί
801 2836 985 2928 συμφοράν·
1008 2841 1090 2925 μηδὲ
1102 2839 1162 2929 γὰρ
1176 2838 1282 2920 tetre·

171 3070 218 3124 tiiu
231 3069 337 3125 sortiter
349 3071 588 3144 propugnantibus,
605 3068 720 3141 undique
733 3069 773 3127 illi
786 3068 994 3140 repeilebautur,
1010 3070 1149 3142 multirqne
1161 3073 1283 3129 vulueri-

170 3140 220 3194 bur
234 3141 350 3211 acceptia
363 3143 532 3197 recedebant.
568 3142 664 3195 Verum
679 3140 758 3195 iidem
776 3139 856 3193 maria
876 3139 986 3223 imperio
1001 3140 1096 3211 potiti,
1113 3142 1151 3195 ita
1163 3151 1193 3195 ut
1207 3144 1281 3197 rolo-

171 3209 235 3262 baut
252 3218 280 3262 et
292 3217 322 3262 ut
333 3210 432 3279 pridem
446 3211 587 3264 machinati
603 3210 716 3274 fuerant,
730 3227 782 3262 non
793 3208 868 3263 modo
878 3226 1016 3263 umrereao
1028 3212 1283 3281 comprehendebant

170 3278 306 3331 onerariae
318 3296 408 3345 naver,
421 3297 490 3350 quae
503 3280 535 3332 ab
550 3278 721 3349 Hellesponto
735 3277 890 3347 Byzantium
904 3277 1029 3333 advenire
1044 3279 1217 3344 fertinareut3
1234 3280 1282 3333 red

172 3354 201 3401 et
214 3363 384 3416 quaecunque
396 3360 429 3402 ex
440 3348 525 3402 Ponto
538 3348 644 3401 Euxino
661 3348 815 3401 trumentum
831 3347 1007 3412 adveherent,
1024 3365 1069 3402 ear
1081 3350 1180 3417 pariter
1194 3366 1282 3403 omne·

172 3426 264 3485 ρεταιν
282 3433 389 3469 ευοεετιι
409 3417 532 3471 urebant
552 3416 1047 3487 diripiebantqu031aetumqueiude,
1075 3424 1106 3471 ut
1119 3420 1240 3473 frumeuti
1253 3422 1282 3471 et

171 3484 280 3538 alierum
296 3502 381 3537 rerum
402 3486 604 3539 oeoeoruriarum
627 3484 716 3556 iuopia
735 3484 762 3539 iu
781 3486 846 3538 urbe
863 3486 1010 3539 existeret·
1032 3486 1108 3554 (vl.)
1126 3486 1282 3557 imperatrix

172 3559 258 3607 autem
275 3554 361 3618 Irene,
381 3554 424 3608 eui
436 3554 506 3607 istud
518 3555 651 3624 negotium
663 3554 827 3624 repentinum
839 3555 986 3619 acciderat,
1006 3572 1063 3609 eum
1077 3572 1112 3609 ex
1126 3556 1194 3610 omni
1206 3565 1282 3626 parto

171 3630 326 3677 commeatur
338 3632 428 3677 errent
444 3624 596 3689 interclusi,
615 3623 708 3707 paucio
722 3623 863 3689 militibuz,
881 3623 926 3692 qui
938 3625 1008 3677 forte
1021 3624 1147 3691 aderaut,
1164 3624 1283 3679 Manneii

170 3690 224 3743 titio
243 3691 302 3745 urbi
316 3698 369 3745 tum
385 3694 521 3761 praefecto
533 3693 654 3757 traditis,
675 3692 751 3745 iubet
762 3692 919 3759 Byzantium
930 3692 1077 3758 circumire,
1092 3700 1121 3747 et
1135 3694 1168 3748 ad
1180 3696 1282 3749 hortem

190 3759 375 3829 ropuieaudum
394 3761 493 3815 animoa
506 3772 629 3830 quantum
643 3760 702 3815 fieri
720 3760 820 3831 poterit
836 3761 993 3816 multitudini
1007 3763 1119 3817 adderer
1136 3771 1190 3817 tum
1203 3763 1283 3817 etim

170 3776 239 3881 into
256 3830 369 3882 traiecto
409 3830 535 3883 ericulum
552 3829 641 3883 faeere
655 3836 684 3884 et
700 3830 812 3883 hostium
828 3830 918 3883 urbem
935 3830 1076 3901 improviso
1093 3850 1126 3887 ao
1139 3833 1283 3904 derepente

170 3897 287 3961 adoriri,
305 3897 373 3967 quod
385 3847 431 3953 ite
447 3900 492 3952 diu
504 3906 633 4019 noetntppe
646 3900 749 3968 agitans
766 3898 853 3952 omnia
863 3897 994 3964 incendit,
1007 3918 1075 3970 quae
1086 3900 1126 3954 ilii
1140 3910 1214 3956 extra
1226 3919 1283 3955 mu-

170 3981 226 4019 rum
241 3966 367 4020 ouburbie
385 3975 414 4020 et
429 3967 549 4021 aedificia
561 3968 595 4021 he
613 3968 707 4032 ebant,
722 3966 891 4036 receptandis
903 3970 1032 4023 mercibus
1046 3970 1185 4025 deatiuata.
1219 3970 1283 4039 ipra

171 4051 234 4087 vero
251 4035 435 4107 Byzantiorum
449 4036 575 4107 primores
589 4036 707 4104 arcessit,
726 4036 815 4091 verbio
827 4045 855 4090 et
866 4037 936 4091 bona
947 4056 995 4109 ope
1005 4048 1110 4093 recreet
1124 4040 1222 4093 animer
1235 4057 1283 4091 eo-

169 4119 243 4169 rum,
261 4111 289 4157 et
306 4104 447 4159 alacriore·
467 4105 501 4159 ad
521 4106 615 4159 beilum
633 4104 827 4174 suscipiendum
847 4106 943 4160 reddit
982 4108 1071 4176 (vlt)
1087 4108 1144 4161 Iam
1155 4116 1241 4162 antem
1253 4110 1284 4160 et

170 4170 233 4225 forie
246 4174 292 4227 ulii
308 4174 413 4228 adunde
426 4173 537 4243 aparsim
551 4174 647 4229 militer
660 4174 816 4243 Byzantium
830 4176 863 4228 eb
875 4175 1032 4245 imperatore
1042 4176 1113 4230 mirri
1128 4176 1284 4239 veniebant3

169 4256 268 4296 necnon
283 4242 303 4295 ii
311 4242 416 4325 prunarii,
429 4245 474 4367 ‹pui
485 4243 629 4311 Byzantion
643 4243 806 4309 solarentur,
816 4246 1052 4315 hortarenturque,
1067 4263 1101 4298 oe
1112 4254 1221 4315 propter
1234 4244 1284 4297 im-

168 4309 300 4379 proriram
311 4311 384 4366 uttam
391 4312 433 4367 cla
451 4329 491 4367 em
499 4312 550 4366 aibi
559 4312 656 4370 iliatam
666 4314 759 4371 animia
777 4330 887 4386 prorsus
894 4312 1079 4369 concidereutt
1095 4311 1284 4372 eorumden
