3067 4792
516 241 882 322 ANNOTATIONES.
1163 240 1263 316 1213

112 403 185 472 οῦτε
204 401 352 517 ἐδόξαμεν
372 411 436 487 τοῖς
455 413 594 516 πολλρῖς,
621 401 697 472 α’λλά
716 405 771 472 καί
793 399 975 489 δυ’σχρηστοι
995 402 1089 470 πλέον
1101 399 1172 490 παρ’
1188 402 1263 472 ὅσον

110 493 166 602 κριλ
186 490 399 600 εῦρισκάμεθα
430 493 482 556 καλ
505 491 544 575 33
565 489 642 574 πρδς
661 499 727 568 τοῖς
746 489 850 565 ἄλλοις
870 487 917 566 οἷς
933 489 991 555 καλ
1007 494 1263 600 πρυσωνειδίκασι

108 603 144 643 το
137 575 200 642 ἐν
225 577 385 661 ῦποκρίσει
414 581 557 660 βιοῦντας
583 577 680 659 ἡμᾶς,
713 573 787 641 οῦδὲ
814 573 891 640 κατά
919 581 975 655 τῆς
996 574 1085 660 άγίας
1104 573 1198 640 καλ’
1177 601 1264 686 αμρι·

109 656 208 746 μήτοα
223 663 322 771 ἡμῶν
341 666 471 770 τρίστεως
490 668 719 769 συκοφαντῆται
740 662 910 768 ἐφείσαντρ.
932 656 979 735 οίς
996 659 1053 724 θεὲ
1070 667 1127 724 τοῦ
1142 661 1263 739 παντὸς,

108 744 250 813 δέλθιίν
271 746 367 824 είς
335 773 370 814 το
393 745 511 856 πλάνρς
531 748 584 812 καί
611 743 752 829 άσεβείας
778 743 907 856 βρρτοῦς
933 741 1197 852 ἐκλυτροίσασθαι,
1230 748 1263 812 ἐν

170 830 349 940 διριαιοσῦνρ
379 854 437 942 σοιρ
462 831 696 941 ρ’ντιμέερηρον·
728 831 825 912 καλή
845 833 986 939 ῥομφαία
1006 826 1108 894 αῦτῦν
1129 832 1263 896 εἰσέλθοι
1301 871 1305 878 ·

107 857 153 992 333
137 915 229 994 ςτάς
248 921 395 1029 καρδίας
396 914 518 996 αῦτοίν,
541 919 569 983 εί
581 915 640 1001 ἐγω
652 918 704 984 ἐπὶ
717 916 751 982 σδ
772 911 986 998 ἐπερδίφην’
965 913 1028 980 απδ
1044 913 1187 1019 γαστρός·
1209 918 1263 982 καλ

106 1007 225 1086 μᾶλλον
244 1012 310 1078 τοῖς
330 1003 399 1085 περὶ
418 1001 472 1068 333
490 968 642 1111 ’ίάριωβοκ
665 1010 730 1078 τοῖς
751 999 913 1108 ἐπαράτοις
936 1002 989 1066 καλ
1008 1026 1110 1080 παντη
1131 1010 1262 1066 θεοστυ-

105 1087 206 1190 γέσιν·
229 1091 262 1153 οἳ
280 1088 333 1152 καί
330 1085 497 1196 καθάπερ
519 1081 814 1196 άπερθρνήμενοι
785 1093 828 1150 τοῦ
848 1086 900 1152 ἐπί
919 1081 1046 1150 πάντων
1065 1092 1142 1174 θερί,
1164 1088 1262 1152 δικαι-

107 1167 223 1238 αίσαντι
243 1173 340 1280 ιραλ
301 1178 401 1276 ήμῦς
426 1181 589 1238 καλεῖσθαι
615 1167 676 1238 άπδ
699 1151 852 1257 Χριστοῦ,
881 1172 934 1235 καί
961 1169 1004 1254 μή
1032 1135 1195 1252 ἐχονάες”
1176 1197 1260 1248 οπως

105 1253 267 1322 ἐκεῖνον’
246 1255 432 1361 αμάνονται,
459 1255 536 1323 κατά
557 1263 612 1362 333
634 1260 722 1366 ἱεράς
745 1259 866 1323 ἐκείνου
886 1260 1076 1364 θεανδρικής
1096 1257 1148 1320 καὶ
1169 1277 1262 1341 προσ·

104 1347 241 1424 κυνητῆς
261 1338 392 1420 εέκδνος,
401 1349 469 1451 τῆς
486 1345 665 1448 ἐρημωσεωρ
684 1341 723 1407 τά
744 1338 1000 1425 βδελιίγματα,“
974 1368 998 1406 ω
1020 1347 1082 1406 τιῦν
1104 1343 1186 1423 ἐμῶν
1207 1367 1261 1407 κα-
1301 1371 1304 1378 ·

104 1432 185 1507 νῦν,
206 1433 350 1510 λνττῆσαι
370 1423 429 1493 οῦκ
447 1429 586 1513 ἐφριξαν,
607 1426 682 1533 πρδς
703 1426 738 1492 δέ
757 1427 871 1492 καί
832 1452 887 1508 της
907 1422 1119 1532 παναχράντρν
1141 1429 1261 1490 δεσποί-

103 1537 162 1594 νης
183 1511 272 1620 ημρῦν
293 1509 473 1620 θεοτάκου,
476 1516 529 1578 καί
543 1519 600 1579 τοῦ
612 1509 713 1578 τύπου
731 1519 788 1582 τοῦΙ
809 1515 900 1576 θείου
920 1512 974 1576 καλ
996 1508 1155 1620 ζωρφίρου
1172 1531 1260 1576 σταυ·

104 1601 173 1680 ροῦ
200 1593 243 1662 δι’
264 1595 319 1674 οῦς
339 1598 392 1664 καί
413 1593 557 1681 άνάθεμα
576 1604 674 1663 πᾶσιν
695 1599 856 1680 αίρετιιιοῖς
876 1593 1016 1705 ἐκβορι’
996 1595 1056 1662 αιιῦ
1078 1602 1157 1660 θεοῦ
1177 1621 1260 1660 πονο

103 1677 303 1786 τοκράτορος,
324 1684 378 1749 καί
398 1681 709 1793 χριστιανοκαεηρίρρο
730 1681 838 1760 παντὶ,
860 1687 905 1767 τρο·
925 1707 967 1764 μη
957 1677 1150 1762 άξιοχρέοις
1173 1705 1259 1762 μετοι-

103 1762 260 1848 νοήσαντι.
288 1766 339 1833 διά
360 1774 456 1833 ταῦτα
476 1770 530 1878 ραί
549 1775 606 1851 τῆς
618 1768 708 1876 ῦμῦν
729 1770 786 1846 (ita
802 1729 971 1847 lege3dum,
986 1789 1047 1830 non
1053 1763 1165 1872 3333)
1181 1764 1258 1876 ίερρί·

101 1876 193 1934 τητυς
210 1852 335 1958 δέομαι,
363 1850 408 1936 μή
434 1852 514 1938 πρδς
539 1851 728 1936 ἐμποδισμάν
749 1854 894 1957 33333333
913 1877 1001 1960 τινορ,
1023 1846 1062 1917 δι’
1084 1875 1178 1916 αυτον
1202 1851 1258 1916 τδν

103 1932 298 2020 Χριστόν·”
279 1963 327 2002 οτι
347 1937 424 2020 μηδὲ
445 1937 574 2044 δυνρπδν
597 1938 670 2004 άλλο
692 1963 722 2002 τι
742 1943 895 2020 φρονῆσαι
919 1931 1033 2021 άπάρτι
1053 1935 1151 2018 ἡμᾶς,
1181 1937 1211 2002 εί
1228 1961 1258 2042 ρι

101 2023 158 2089 καί
177 2021 358 2130 ρένοιτο·”
338 2049 388 2088 οτι
406 2021 519 2088 καῖ’
475 2049 559 2133 ρρρρ
578 2025 631 2129 κρί
652 2020 799 2112 άσθενείρ
825 2028 1094 2134 ταλαιπωροῦντες,
1113 2016 1244 2086 οῦδδ’
1203 2047 1257 2086 33·

102 2103 139 2172 τδ
157 2130 192 2171 το
185 2105 293 2194 δρρῖν
314 2108 433 2215 ἐχορεν.
462 2107 538 2174 άλλά
557 2106 680 2193 πρόσιτε
700 2089 791 2187 άξιῦ
797 2114 842 2196 τρο·
854 2107 938 2216 αγίρι
962 2133 1021 2190 μου
1044 2103 1255 2190 αῦτοκράτορι,

104 2171 383 2298 ίιρδυσωπήσαι’
341 2201 486 2260 κακεῖνον
504 2193 583 2278 ῦπέρ
604 2195 695 2276 ἐμοῦ,
727 2173 863 2258 πλέον’
842 2189 987 2258 απάντων
1015 2196 1071 2275 τῆς
1097 2193 1256 2272 ἐκκλησίας
1301 2209 1305 2216 “

101 2274 162 2360 τήν
182 2277 333 2362 μέριμναν
353 2279 504 2361 τρέφοντι,
528 2288 701 2385 συγκροτεῖν
722 2281 908 2356 ἐξαιτοῦντες
928 2278 979 2342 καί
996 2277 1166 2383 συντρέχειν
1178 2276 1255 2358 ῦμιν
1301 2297 1304 2304 ·

103 2361 139 2428 ἐν
159 2364 262 2441 παντὶ,
284 2363 473 2446 καὶμᾶλλον
494 2365 538 2439 είς
559 2362 719 2472 ἐρεῦνρς
705 2369 914 2447 πνευματικῆς
935 2359 1134 2445 άναζήτησιν·
1157 2360 1198 2437 οίς
1214 2359 1254 2426 ῦν

101 2443 155 2513 τδν
175 2445 325 2532 άρμόδιον
351 2457 418 2524 ταῖς
436 2449 603 2533 ῦμετέραις
631 2457 732 2532 ευχαῖς
758 2449 952 2554 ιραεαπέμψυι
974 2473 1011 2536 πρ
1040 2452 1155 2533 ποίμνῃ
1178 2453 1254 2548 Χρρ-

102 2529 188 2610 στιίς,
209 2534 254 2607 είς
273 2533 435 2636 ἐριίσκεψιν
457 2533 563 2642 ίερέρον
582 2536 637 2599 και
664 2531 872 2638 μοναζιίντων,
900 2535 953 2600 καί
978 2538 1056 2598 λαοῦ
1078 2529 1255 2613 Χριστωνά-

101 2641 190 2720 μου
183 2623 240 2682 τοῦ
258 2613 443 2701 σύμπαντος
468 2616 543 2702 πρδς
564 2619 599 2684 δέ
619 2617 753 2697 τοῦτοις,
785 2617 904 2724 ἐπεί
870 2644 924 2684 τον
945 2619 978 2684 ἐν
1000 2618 1080 2726 μέσρι
1103 2614 1184 2690 είκδς
1205 2615 1253 2680 εῦ-

100 2696 285 2784 ρισκάμενον
305 2703 359 2768 καί
378 2710 486 2770 λυπεῖν
504 2705 558 2812 καρ
578 2711 743 2769 λυπεῖσθαι
763 2701 848 2788 παρά
868 2727 975 2780 τινων,
1004 2699 1077 2776 τοῦς
1097 2697 1252 2806 λυπήσαν-

99 2811 154 2863 τας
168 2784 395 2897 ὁπωσδήποτε,
423 2789 478 2854 καλ
502 2787 576 2865 τοῦς
595 2789 647 2898 ιίφ
652 2786 774 2871 ’ήμῦν
799 2749 1007 2870 λαπηθίντάς,
1040 2783 1253 2896 συγχωρήσεως

100 2867 226 2950 άξιοίσει
246 2881 318 2954 (pro
337 2868 490 2978 ρίξιοίσειε)
510 2875 564 2938 καί
574 2870 776 2982 άμφοτέρορς
798 2874 818 2940 δ
838 2871 946 2938 ἐπί
910 2899 944 2938 το
968 2879 1064 2937 σεῖσαι
1084 2869 1118 2936 τδ
1141 2867 1251 2934 πλάτυ·

100 2977 164 3062 σμα
184 2955 411 3064 φιλανθρώπως
429 2954 685 3070 παραγενόμενος,
706 2961 760 3024 καί
780 2966 923 3063 κρατυνεῖ
942 2954 1013 3043 (μιν
1027 2952 1198 3039 κρατῦνειε)
1212 2953 1250 3020 τά

98 3049 165 3107 τοῖν
184 3039 372 3127 α’ρθοδδξων,
394 3046 447 3108 καί
468 3051 632 3150 σκαιωρίας
651 3043 853 3128 περιφυλάξοι
874 3046 1020 3118 παντοίας
1040 3041 1250 3148 καλποιμένρς

98 3128 154 3193 καί
173 3131 312 3233 ποίμνια,
335 3131 392 3204 ἕως
412 3127 470 3210 τήν
488 3135 550 3212 γῆν
571 3130 589 3196 δ
608 3127 695 3212 ἥλιος
713 3131 823 3231 ἐφρρρῖ,
844 3131 1017 3230 πρρσβείαις
1038 3121 1185 3229 άλήκτοις
1195 3131 1250 3207 τῆς

97 3211 155 3278 τδν
174 3207 266 3318 ἥλιρν
286 3219 341 3294 τῆς
371 3213 570 3296 δικαιοσῦνης
600 3211 823 3296 σωματωσάσης
845 3209 929 3278 θεόν.
977 3220 1047 3287 Τοῖς
1078 3203 1251 3294 ἱερωτάτοις

99 3293 271 3382 α’ρχιερεῦσι
288 3305 378 3377 θεοῦ,
399 3325 453 3362 και
471 3307 536 3375 τοῖς
554 3297 760 3404 ἐνδρξοτάτοις
780 3307 844 3375 τοῖς
865 3304 920 3376 τῆς
941 3293 1108 3399 συγκλήτου
1125 3299 1250 3400 βορλῆς,

97 3385 237 3458 καὶτοῖς
257 3381 461 3466 ἐντιμοτάτοις
481 3391 538 3450 τοῦ
558 3381 673 3468 κλήρου
701 3387 816 3468 ἱερεῦσι
843 3385 894 3448 καί
922 3379 1102 3466 μονάζουσι,
1131 3387 1197 3455 τοῖς
1218 3401 1250 3444 τε

99 3469 347 3576 στρατευομέροις
379 3470 432 3533 καί
460 3478 525 3544 τοῖς
550 3475 606 3548 τῆς
616 3472 793 3547 πολιτείας,
823 3471 980 3544 πλουσίοις
999 3491 1032 3530 τε
1051 3466 1104 3530 καί
1124 3464 1250 3574 περαμέρ

96 3577 180 3631 νοις,
201 3556 254 3617 καί
275 3550 404 3637 άνδράσι
424 3555 477 3620 καί
497 3555 635 3638 γυναιξί,
660 3561 737 3620 πᾶσι
759 3557 905 3661 διηνεκοῦς
926 3559 1123 3637 χορηγεῖσθαι
1141 3547 1176 3616 νδ
1192 3555 1248 3614 τοῦ

95 3645 178 3705 θεοῦ
206 3638 371 3722 ἐπεύχομαι
398 3642 495 3715 ἐλεος·
534 3635 598 3704 είτα
625 3641 680 3704 καί
705 3646 802 3704 πᾶσιν
829 3635 994 3722 άυτιβολοῖ,
1025 3634 1068 3718 μή
1096 3635 1138 3711 οίς
1165 3636 1250 3716 ἔτυχε

95 3730 376 3828 προσταλαιπωρεῖν
396 3730 569 3800 κοπιοῖντας
587 3732 627 3812 33
647 3726 681 3791 ἐν
700 3717 725 3813 3
741 3730 949 3830 παραινοῦμεν
964 3723 1094 3809 ἐσχατιᾷ,
1116 3726 1171 3802 τῆς
1189 3727 1249 3786 Σο-

96 3813 175 3890 φίας
195 3815 276 3875 θεοῦ
296 3807 441 3874 ἐπάυω”
399 3836 523 3918 ορορις
534 3811 685 3892 κειμένης,
705 3811 758 3874 καλ
778 3805 994 3919 τηλαργοῦσης
1002 3813 1057 3889 τῆς
1066 3786 1171 3889 (τοῦς)
1188 3807 1248 3870 ἐνε-

94 3919 150 3960 κεν
171 3899 332 3976 φωτισμοῦ
352 3893 427 3978 πρὸς
449 3893 547 4000 αῦτήν
566 3896 789 4007 ἐπιτρέροντας·
811 3892 892 3976 πλήν
908 3892 1047 3975 καέῦμῖν
1069 3893 1147 4001 (non
1158 3889 1248 3995 ἡμῖν)

95 3977 334 4083 άνειμετρηθείη
360 3979 435 4062 πρδς
463 3986 521 4044 τοῦ
520 3987 596 4086 τῆς
624 3979 744 4064 άγάπης
768 3987 849 4046 θεοῦ
881 3977 954 4044 δσον
980 3979 1032 4042 καί
1060 3974 1105 4042 δι’
1127 3972 1249 4062 άμάπην

94 4062 313 4144 κεκοπιάκατε,
333 4064 432 4130 333‘
408 4091 429 4170 ρ
451 4061 636 4173 άντρίμειψις
656 4065 851 4171 άμφοτέροες
860 4065 1076 4172 δαψιλερθείη·
1111 4061 1176 4126 ἐπεὶ
1196 4059 1249 4122 καλ

93 4151 184 4253 ἡμεῖς
203 4175 247 4237 τρι
267 4151 381 4258 περί
359 4157 441 4232 υμᾶς
462 4146 563 4238 άλῦτρι
573 4148 789 4261 σρνδοῦμεννι
809 4147 920 4260 πάθω,
942 4143 1017 4302 οῦκὁ
1021 4147 1167 4228 ιδςέτυρι
1190 4147 1249 4208 διε·

95 4220 248 4320 στήσαμεν
266 4232 380 4316 αυίοῦς
399 4215 581 4320 (αῦτοῦς)’
560 4234 622 4319 αφ’
644 4237 740 4321 ῦμῦν.
765 4215 889 4304 ἄλλ’
857 4261 901 4314 ως
921 4259 981 4302 πον
1000 4225 1249 4350 δμιραλοφιινῦ·
