3067 4792
264 336 342 415 734
561 348 798 421 NICEPHORI
818 348 1059 418 GREGORAE

99 522 128 575 Δ,
141 520 175 573 Μ.
188 510 318 577 6853τδν
334 506 459 597 τρόπον.
504 510 578 604 (Η.)
604 512 688 599 Πρίν
708 538 740 597 γε
762 513 826 598 μὴν
842 512 991 599 αἴσθησιν
1006 518 1063 579 τοῦ
1078 498 1238 600 δράματος
1255 512 1371 599 ἐγγενί-
1455 494 1461 504 ¹

133 591 344 711 11ιά’ΠέΒοθαι
361 624 426 689 τοῖς
443 612 501 692 ἔξω
509 664 521 695 ,
548 615 647 698 δεσμὰ
667 612 771 681 πάντα
793 620 845 681 καί
868 616 989 692 κλοιοδς
1006 614 1037 681 οἶ
1053 618 1209 701 δεσμῶται
1223 614 1372 703 ῥήξαντες

167 720 308 793 Υ.373είς
329 716 386 801 τήν
409 723 466 782 τοῦ
488 714 656 800 πτώματος
676 718 756 785 θίαν
771 719 850 802 μετὰ
872 716 976 803 πόσης
991 718 1150 796 ἐπεξέθεον
1169 716 1303 804 ἡδονῆς,
1331 720 1369 786 ori

262 830 349 905 μεῖον
366 821 530 887 διακοσίων
544 817 749 907 ὑπάρχοντες·
777 813 821 889 ῶν
842 818 884 899 είς
898 847 946 898 τις
961 818 1121 911 σκεπάρνῳ
1132 824 1294 912 τεκτονικῷ
1309 822 1370 913 (ξί-

263 948 325 1013 φος
337 922 396 1010 γὰρ
409 922 520 1008 ήκιστα
533 922 649 1011 παρῆν)
668 931 724 991 τοῦ
743 930 854 991 λοιποῦ
872 925 931 1010 τήν
950 924 1086 1013 κεφαλήν
1101 923 1289 1012 ἀφελόμενος
1303 923 1392 995 σαί-5

262 1051 363 1111 ματος
390 1028 438 1091 ἐπὶ
462 1034 519 1110 τῆς
535 1027 686 1107 ἐπάλξιος
710 1026 854 1113 ἐστησεν,
883 1026 962 1095 ῶστε
987 1029 1164 1115 καταφανὲς
1176 1027 1320 1115 γενίσθαι
1332 1027 1370 1095 τό

264 1132 369 1216 δρᾶμα
392 1131 443 1195 καί
465 1136 541 1196 πᾶσι
563 1142 628 1207 τοῖς
647 1130 763 1209 ἐξωθεν
776 1132 837 1217 ήδη
858 1132 946 1220 παρὰ
959 1131 998 1198 τά
1012 1134 1095 1215 τείχη
1109 1132 1292 1216 ποταμηδόν
1306 1134 1370 1196 εἷσ-

263 1234 365 1319 ρίουσι
384 1229 510 1317 δήμοις·
539 1232 626 1299 ὥσθ’
643 1233 709 1300 ὅσοι
723 1235 780 1317 μέν
793 1235 879 1324 αὐτῷ
892 1232 974 1302 κοτά
985 1236 1072 1322 γένος
1085 1233 1105 1319 ἢ
1120 1234 1201 1300 καθ’
1219 1231 1371 1321 ἑταιρείαν

234 1332 320 1403 θεῖεν
342 1333 548 1423 προσήκοντες
567 1338 675 1421 μηκέτι
704 1348 808 1403 πονεῖν
835 1335 999 1422 ἀνήνυτα,
1028 1334 1131 1421 πάσης
1153 1337 1262 1413 τελέως
1294 1343 1371 1419 σβε-

262 1441 392 1525 σθείσης
407 1445 463 1505 τοῦ
480 1442 534 1526 ζῇν
550 1442 661 1507 ἐκεῖνον
679 1441 818 1518 ἐλπίδος·
846 1439 913 1508 ὅσοι
928 1442 961 1506 δ’
979 1440 1124 1524 ἀπεχθῶς
1140 1438 1221 1524 είχον
1234 1432 1275 1505 ori
1290 1439 1412 1525 πρδς10

261 1542 392 1623 ἐκεῖνον,
420 1540 550 1619 τοότους
565 1545 584 1608 δ
590 1542 599 1569 ²
616 1542 776 1632 ἐρρῶσθαι
789 1544 846 1620 τάς
860 1545 1012 1624 διανοίας,
1041 1547 1092 1608 καὶ
1105 1552 1277 1626 συμμαχεῖν
1291 1540 1370 1620 ἐξω-

260 1650 321 1710 θεν
335 1646 432 1721 ἀδεῶς
447 1656 512 1723 τοῖς
525 1645 654 1713 ἐνδοθεν
667 1643 744 1734 δπέρ
757 1654 815 1731 τῆς
831 1655 935 1731 κοινῆς
949 1648 1126 1733 ἐλευθερίας
1140 1643 1366 1731 ήηωνισμίνοις.

261 1746 364 1814 ἐπειτα
387 1746 536 1825 διελόντες
558 1747 688 1825 ἱαυτοδς
710 1752 753 1827 εἰς
777 1745 879 1827 τάξεις
899 1752 950 1815 καί
974 1752 1086 1836 μοίρας
1103 1748 1160 1832 τὴν
1180 1752 1369 1814 τῶνπυλῶν

234 1846 411 1934 Dipoinai
433 1849 586 1930 ἐπάλξεων
604 1852 744 1936 δτίλαχον
759 1850 911 1941 φυλακήν.
953 1850 1027 1941 (Θ)
1053 1850 1212 1937 Μέγιστον
1228 1849 1260 1916 δ’
1284 1849 1368 1934 ὅμως

257 1950 379 2041 δπῆρχέ
392 1979 497 2041 σφισιν
518 1953 667 2037 ἐμπόδιον
692 1958 735 2033 εἷς
761 1955 819 2040 τὴν
840 1963 899 2040 τῆς
918 1951 1098 2041 παραδόξου
1115 1955 1246 2039 ταυτησὶ
1264 1968 1410 2037 ouen-15

260 2050 329 2144 ρίος
349 2059 572 2144 συντηρητικήν
594 2055 712 2124 ἑαυτῶν
736 2056 868 2140 δάναμιν
889 2056 910 2143 ή
936 2082 970 2123 τε
984 2064 1047 2123 τῶν
1062 2057 1188 2143 πρδςτδ
1206 2059 1259 2144 ζῇν
1271 2056 1369 2140 ἀναγι

258 2160 355 2225 καίων
377 2158 487 2237 σπάνις
506 2164 557 2227 καὶ
580 2156 601 2247 ἦ
626 2167 690 2227 τῶν
714 2160 818 2228 ὅπλων
840 2186 874 2227 τε
894 2163 946 2226 καί
966 2166 1031 2227 τῶν
1055 2159 1253 2248 ἀμυντηρίων
1268 2164 1369 2241 βελῶν

257 2259 366 2329 ἐνδεια.
396 2262 432 2328 οδ
456 2264 515 2352 γάρ
542 2262 622 2348 εἶχον
644 2262 720 2329 ὅθεν
745 2266 779 2329 ἐκ
794 2269 849 2330 τοῦ
865 2269 1058 2350 παραχρῆμα
1074 2262 1175 2355 ρ’ᾅστα
1189 2264 1369 2345 κομίσονται

256 2363 299 2429 ἰδ
318 2370 374 2449 τῆς
392 2369 516 2451 χρείας,
544 2364 780 2454 ἀπροσδόκητον
801 2365 1008 2451 σχεδιασάσης
1026 2372 1082 2452 τῆς
1105 2363 1312 2451 περιστάσεως
1329 2363 1367 2430 τδ

257 2467 409 2553 πραχθέν.
438 2466 522 2552 ὅμως
540 2476 596 2553 τῆς
610 2470 720 2545 νυκτός
734 2467 881 2555 ἐπιοάσης
893 2471 1017 2555 ἐκείνης,
1045 2472 1097 2535 καί
1109 2467 1235 2534 πάντων
1247 2469 1412 2539 ἐκείνωνω

224 2572 292 2643 nte
308 2566 383 2659 ζάλη
400 2574 452 2636 καί
465 2573 609 2662 τρικυμίρι
624 2577 779 2657 λογισμῶν
793 2568 999 2660 δπαρχόντων
1011 2573 1154 2658 μεγίστη,
1173 2562 1226 2655 ἧκε
1240 2567 1368 2657 τριήρης

256 2674 290 2739 ἐκ
308 2680 372 2741 τῶν
395 2672 541 2739 Γαλάτου
563 2676 633 2759 περὶ
650 2674 749 2758 μίσος
768 2697 830 2742 που
847 2672 961 2751 κάκτος
967 2723 978 2755 ,
1006 2676 1040 2739 ἐκ
1059 2680 1116 2739 τοῦ
1140 2674 1292 2758 παραλίου
1306 2674 1368 2737 τεί-

254 2769 332 2861 χους
352 2780 520 2862 κομίζουσα
543 2773 667 2853 τοότοις
691 2776 788 2871 ἀρτον
811 2780 864 2843 καὶ
884 2774 985 2860 οἶνον,
1013 2780 1065 2843 καὶ
1082 2774 1142 2843 ὅσα
1156 2776 1193 2842 ni
1209 2781 1267 2860 τῆς
1284 2773 1368 2863 ῶρας

255 2978 387 3027 curentur.
420 2974 460 3028 Et
472 2974 538 3029 luteo
557 2974 659 3046 quiden
676 2976 704 3029 in
718 2975 787 3029 hune
801 2974 901 3027 nodum
915 2976 991 3042 geete
1003 2977 1070 3025 eunt
1105 2972 1207 3041 (viil.)
1224 2974 1365 3026 Caeterum

254 3051 393 3111 antequam
406 3039 471 3095 forie
490 3044 624 3127 quiequam
640 3045 800 3115 tragoediam
813 3044 882 3097 iilum
903 3041 1087 3113 pertenuisset,
1103 3044 1189 3113 ruptis
1205 3043 1320 3095 ornnibue
1337 3048 1366 3094 et

255 3109 365 3167 vinculis
381 3116 409 3163 et
419 3122 531 3177 catenus,
550 3114 659 3166 muniunt
671 3130 729 3167 euru
743 3113 878 3181 voioptete
893 3110 927 3163 ed
940 3110 1073 3163 oedererie
1085 3112 1259 3180 ιροοτοατίαοτ
1273 3128 1366 3164 eeour·

253 3196 313 3233 rere
327 3179 346 3232 ii
362 3178 406 3249 qui
421 3180 447 3232 in
461 3198 566 3233 eernere
581 3188 669 3245 erent,
698 3184 766 3235 huod
781 3184 865 3233 minue
878 3180 1005 3232 ducentis.
1039 3180 1082 3233 Ex
1093 3181 1186 3250 quibue
1199 3198 1265 3233 uoue
1277 3178 1365 3233 fabrili

253 3249 325 3302 eeeiu
341 3248 448 3316 (etenim
463 3250 532 3301 eneis
546 3250 629 3303 nuilus
646 3258 749 3320 preeeto
760 3252 836 3317 eret)
853 3260 946 3319 ceput,
964 3250 998 3301 eb
1008 3249 1117 3319 reliquie
1130 3250 1250 3303 membris
1264 3248 1364 3301 ubeeie·

255 3334 327 3382 euru,
345 3336 425 3387 eruper
439 3318 551 3387 fastigiis
569 3334 697 3371 murorum
714 3320 824 3381 utetuit3
841 3336 894 3388 quo
908 3319 1071 3371 menifestum
1088 3318 1165 3371 fieret
1184 3318 1247 3370 iilud
1262 3319 1364 3370 fucinus

255 3386 392 3440 univereee
406 3386 578 3452 multitudini,
594 3404 661 3457 quae
679 3390 840 3441 extrineeour
859 3388 908 3440 iarn
927 3394 1037 3456 propter
1049 3404 1133 3440 muron
1146 3386 1269 3439 torrentis
1281 3387 1364 3439 inetur

254 3456 419 3520 confluebet3
436 3465 464 3509 et
478 3463 506 3509 ut
521 3456 541 3509 ii
555 3457 661 3526 quidem
674 3473 770 3521 omnes,
786 3456 832 3526 qui
844 3458 915 3509 ilium
930 3473 1027 3525 genere
1039 3456 1238 3523 contingebant,
1256 3464 1304 3507 eut
1315 3454 1364 3507 uli·

254 3542 305 3593 que
317 3524 443 3579 eooietute
458 3542 514 3578 ouini
528 3542 559 3578 eo
574 3525 704 3579 coniuncti
719 3527 838 3590 fuerent,
855 3526 945 3578 iebore
959 3524 1034 3577 irrito
1047 3526 1259 3606 supersederent,
1277 3524 1364 3577 atiu-

254 3602 297 3645 ote
311 3611 417 3663 proreue
432 3593 527 3648 τείνατο
540 3592 610 3647 illurn
624 3596 736 3648 habendi
748 3612 810 3664 epee
828 3611 994 3665 quotcunque
1007 3610 1069 3646 vero
1081 3594 1125 3646 ulie
1137 3592 1251 3645 inieneoe
1264 3594 1364 3645 hebue-

248 3660 305 3725 τοι,
318 3662 335 3714 ii
350 3664 434 3715 enituo
445 3664 666 3727 confirmarentur,
681 3664 854 3732 notescatque
868 3664 1028 3717 extrinsecus
1042 3662 1098 3715 eine
1112 3663 1163 3713 ulio
1177 3670 1245 3714 τουτο
1258 3661 1300 3723 iie,
1312 3661 1363 3743 -qui

252 3748 301 3799 pro
317 3734 442 3785 communi
454 3729 577 3786 libertate
592 3734 773 3786 certerieeent.
797 3732 898 3786 Deinde
909 3750 939 3785 ee
952 3732 980 3783 in
994 3730 1098 3783 ordiner
1110 3740 1139 3783 et
1151 3730 1292 3800 muoipuioe
1307 3731 1363 3782 due-

249 3799 404 3865 tribuerunt,
422 3810 604 3871 portarumque
619 3810 647 3854 et
659 3803 912 3872 propugnaculorum
924 3800 1064 3853 οοειοδίιοτ
1079 3799 1166 3853 eortiti
1179 3808 1249 3852 eunt.
1285 3798 1363 3867 (IX.)

251 3870 285 3921 At
300 3884 393 3938 magno
406 3870 470 3939 ipeie
484 3870 665 3941 impedimento
678 3882 745 3935 eret,
761 3888 812 3941 quo
821 3872 904 3925 minue
916 3870 986 3922 iiiiue
998 3870 1145 3938 insperatae
1154 3869 1246 3921 eeiutie
1257 3884 1364 3921 ooneer·

250 3938 352 3990 rendae
367 3939 514 3993 facultatem
529 3940 668 4004 heberent,
687 3955 853 4009 eorumquae
867 3941 901 3993 ud
914 3940 1010 3991 victum
1028 3938 1177 3991 oeoeeeurie
1190 3949 1251 3991 eunt
1265 3936 1363 4006 inopie,

251 4024 428 4077 armorumque
441 4012 469 4061 et
483 4009 589 4062 telorum
602 4010 696 4078 quibus
709 4027 739 4062 ee
749 4010 920 4063 defenderent
928 4007 1046 4077 penurie.
1064 4008 1124 4061 Non
1138 4006 1205 4061 enirn
1220 4008 1359 4070 hebebant,

235 4076 319 4128 unde
336 4077 413 4131 ieoiie
426 4086 454 4131 et
467 4096 482 4131 e
494 4078 608 4145 ventigio
623 4096 735 4148 eaquae
750 4079 808 4131 ueni
823 4086 911 4132 esunt
923 4078 1099 4141 deveherent3
1115 4093 1171 4129 euru
1185 4076 1244 4145 ipee
1258 4074 1362 4128 oceueio

249 4142 276 4195 id
291 4144 359 4215 quod
369 4154 547 4217 perpetratum
562 4155 628 4211 eret,
646 4148 748 4201 minine
762 4147 986 4217 praemeditatum,
998 4162 1031 4199 ex
1046 4154 1164 4215 tenpore
1177 4145 1362 4213 seggensis-et

248 4212 291 4267 Ee
304 4222 388 4267 temen
407 4232 474 4287 quae
486 4225 595 4286 eequute
611 4224 653 4269 eet
667 4224 757 4279 nocte,
775 4234 832 4271 cunr
846 4216 885 4269 iiii
903 4233 992 4268 oroneo
1006 4215 1034 4267 iu
1046 4216 1155 4267 unexirue
1166 4215 1363 4284 perturbatione

249 4296 421 4353 curarumque
440 4294 514 4339 eeetu
534 4294 716 4349 verterentur,
741 4286 814 4339 venit
828 4286 862 4339 de
877 4285 1026 4338 triremibue
1042 4284 1178 4337 Gehineie
1198 4299 1267 4345 une,
1291 4284 1363 4335 ciret

249 4350 358 4408 inedium
373 4355 453 4409 ferne
471 4362 588 4419 noctem,
612 4356 647 4408 eb
663 4355 790 4409 maritimo
806 4372 880 4409 muro
894 4372 986 4426 ponem
1007 4360 1036 4407 et
1050 4353 1138 4409 riuum
1158 4359 1318 4424 opportune,
1334 4361 1363 4404 et
