3067 4792
383 320 621 392 msnoanu
640 321 922 394 smmumsu
940 321 1033 391 xxr.
1047 283 1110 393 ε’
1186 317 1286 388 roos

175 509 209 551 τε
221 487 273 551 καλ
288 482 487 569 συνεχέοντο,
513 487 565 553 καὶ
586 488 748 572 είρηναίοιν
765 485 952 573 ίπαγγελιῶν
973 483 1095 552 ίκείνοιν
1112 486 1283 553 ἓπατοῦντο
1299 506 1329 557 Α.
1340 508 1370 559 c.
1383 505 1449 562 1351

174 590 290 672 θεσμοὶ
303 591 354 654 καὶ
367 587 554 672 συμβόλαια.
582 593 633 654 καί
647 586 740 656 πάλιν
751 592 865 670 βουλαί
884 590 936 654 καλ
952 587 1077 670 μελίται
1096 577 1451 700 παλίνστρο-Ῑωίίθὲω·

176 713 231 780 φοι
251 690 478 780 διενυκτίρευίν
502 718 534 760 τε
563 695 615 758 καλ
635 691 739 772 κάβων
758 694 848 778 δίκην
862 690 1090 779 άνερρίιιτοντο.
1126 689 1208 759 οὕτω
1227 694 1285 777 μίν
1310 651 1388 697 Μ

176 786 234 860 odo
244 791 390 880 ἡγεμόνες
404 798 531 878 ἐκείνοι,
556 801 620 862 τῶν
636 796 746 882 εἠεξῆς
765 797 934 881 συνεδρίων
948 793 1006 869 τάς
1027 793 1109 861 καθ’
1133 791 1221 880 ἡμῶν
1240 800 1315 861 εί-Ι)

153 893 313 982 ὅληφάτες
326 900 456 981 μελίνας
478 902 530 963 καὶ
557 899 727 980 συσκευάς,
756 895 868 975 δποίας
888 900 941 964 καλ
965 894 1044 974 δοας
1063 897 1171 975 ίκανάς
1190 896 1285 990 ᾤοντ’

176 995 271 1080 είναι,
298 998 354 1084 τήν
377 1001 411 1066 τ’
439 1003 552 1068 οίκείαν
566 1001 808 1089 ἀποτρίψασθαι
827 1001 944 1068 δειλίαν
969 1001 1020 1065 καὶ
1040 998 1107 1083 ἅμα
1130 997 1215 1086 ἡμᾶς
1229 1001 1288 1088 τὴν

175 1105 324 1186 ταχίστην
343 1103 639 1186 ἀποσκευάσασθαι,
668 1104 748 1192 πρὸς
761 1101 932 1192 βάραθρον
953 1101 1105 1191 ἀφανείας
1119 1101 1283 1187 ἀσάμενοι,

175 1205 339 1289 ἐκκλησίαν
359 1205 545 1292 ἐκήρυττον,
572 1209 659 1293 δίκης
679 1207 779 1291 ἀνομα
789 1206 929 1292 χρηστάν
946 1203 1135 1288 ἀναθέμενοι
1148 1206 1286 1294 γνώμαις

175 1304 295 1385 ἀδίκοις
318 1311 369 1373 καὶ
392 1310 527 1388 ἀνοσίοις
586 1309 654 1401 (Β.)
681 1313 746 1377 Καὶ
770 1317 913 1397 παρῆμεν
937 1304 1044 1395 ἡμεῖς,
1072 1308 1140 1386 πάις
1163 1311 1221 1394 μὲν
1243 1311 1282 1377 od
1299 1319 1330 1374 Ρ.

133 1407 303 1498 λοσοίδρα
324 1408 461 1494 ἑκόντες,
489 1413 557 1489 node
578 1415 613 1480 δὲ
632 1417 683 1480 καλ
705 1409 832 1501 σφόδρα
848 1413 954 1480 τουτί·
981 1411 1195 1496 άκοντεςμὲν,
1224 1415 1287 1480 ἐπεὶ

175 1514 220 1597 μὴ
244 1515 376 1598 λίληθεν
398 1513 481 1602 ἡμᾶς
501 1516 543 1582 soi
563 1516 643 1583 καθ’
658 1514 765 1602 ἡμῶν,
793 1515 815 1583 δι’
835 1541 869 1582 τε
887 1515 944 1599 τὴν
960 1515 1090 1600 μελίτην
1111 1514 1287 1601 ἔμπρακτον

166 1613 262 1700 ,ἴσχεν
286 1620 337 1683 καλ
365 1615 386 1682 ἃ
411 1619 468 1704 τὴν
495 1623 607 1706 πρᾶξιν
636 1621 668 1686 ἒν
690 1615 866 1706 προθάροις
887 1615 932 1683 ίτι
954 1619 1061 1706 σφίσιν
1087 1616 1286 1704 αάλιζομίνην

176 1717 369 1802 ἐταμιεάετο,
398 1725 449 1786 καλ
463 1716 597 1804 μάταιον
612 1727 654 1799 είς
668 1721 848 1810 τοάμφανίς
862 1720 921 1806 τη“ν
935 1717 1026 1806 ἡμῶν
1042 1730 1184 1807 παρεῖχεν
1200 1723 1286 1788 εἰσο-

174 1819 296 1907 γοιγήν·
321 1820 442 1900 ἑκόντες
448 1874 458 1905 ,
486 1824 534 1892 ὅτι
549 1826 626 1914 πρὸς
643 1826 720 1892 θεὸν
731 1826 899 1908 βλέποντες
903 1873 915 1904 ,
937 1826 988 1889 καί
1002 1823 1058 1892 τδν
1073 1830 1217 1890 τοιοῦτον
1229 1830 1287 1909 τῆς

133 1923 342 2010 λόἀθλήσεως
357 1923 414 1992 ἀπ’
430 1927 595 2016 ἀθλοθίτῃ
615 1931 775 2014 τρίχοντες
788 1930 891 2018 ἐκείνῳ
908 1928 1055 2007 δίαυλον,
1080 1926 1138 2002 τάς
1157 1926 1313 2012 ἀγαθάςΒ

177 2027 234 2094 οὖν
257 2027 424 2117 ἐφεύγομεν
449 2039 506 2101 τοῦ
528 2035 695 2114 μέλλοντος
712 2034 858 2111 ἐλπίδας,
882 2031 977 2096 εἶκαὶ
997 2030 1034 2097 τδ
1054 2034 1112 2114 τῆς
1132 2028 1286 2112 εὐσεβείας

177 2127 307 2218 κράτος,
338 2132 418 2198 ίτεσι
448 2137 603 2210 πλείστοις
628 2138 679 2201 καί
701 2138 824 2218 βίβλοις
851 2129 946 2218 ἆγίιον
967 2142 1104 2218 μακραῖς
1128 2135 1283 2220 κυρωθὲν,

178 2227 319 2320 δπαριλν
331 2234 575 2321 υάκῆχκιιλίζετο
586 2235 717 2322 χρόνος·
745 2236 826 2302 ἀλλά
846 2239 898 2302 καί
917 2233 1016 2322 αὐτὴν
1036 2235 1093 2320 τὴν
1112 2242 1170 2301 τοῦ
1191 2239 1285 2320 λέγειν

176 2333 304 2404 dnonas
326 2338 434 2404 ἀδειαν
456 2337 546 2423 ἡμῶν
566 2365 599 2406 τε
621 2337 851 2427 άφαιροάμενος
879 2341 930 2404 καὶ
953 2349 1020 2417 τοῖς
1047 2340 1128 2430 δρᾷν
1154 2337 1287 2426 εὐχερῶς

132 2440 217 2508 wod
232 2441 312 2506 κατὰ
326 2439 477 2526 βούλησιν
501 2442 622 2526 ίχουσιν
641 2441 757 2508 λ’κτοπα
776 2439 978 2529 χαριζόμενος
998 2441 1039 2508 τά
1059 2447 1117 2526 τῆς
1135 2440 1288 2526 ἀληθείας

177 2541 334 2630 ἀνάκτορα
355 2549 449 2612 πᾶσιν
469 2543 576 2622 ὅπλοις
600 2553 763 2630 καθαιρεῖν
784 2571 819 2612 τε
841 2549 893 2610 καὶ
916 2541 999 2611 λάειν
1017 2543 1157 2630 ἠπείγετο
1163 2592 1175 2625 ,
1204 2541 1284 2628 μήτ’

176 2645 274 2730 ἀκοῆς
291 2645 369 2732 μήτε
382 2646 507 2732 ηνιίμης
522 2648 669 2732 οὐδεμιᾶς
680 2646 893 2734 μήτενίμεσιν
902 2649 995 2713 θείαν
1008 2644 1088 2732 μήτ’
1106 2643 1315 2733 ἀνθράκοινῦ

177 2750 425 2837 προσδεχομένης
443 2748 532 2818 αλδιδ.
587 2749 653 2840 (Γ.)
682 2756 749 2816 Τοῦ
765 2752 871 2834 μέντοι
885 2748 1032 2835 βήματος
1050 2745 1132 2815 oden
1150 2774 1284 2838 συγκρο-
1297 2753 1332 2808 V·
1344 2754 1398 2810 510

247 2897 293 2953 2³.
309 2895 532 2970 προσδεχομένης
545 2894 622 2950 Bois.
635 2911 685 2966 pro
698 2892 930 2966 προσδεχομίνην.

176 3022 232 3070 tum
243 3015 407 3069 iureiurando
425 3014 518 3068 foedus
538 3016 670 3068 turbatum
685 3021 717 3069 et
739 3016 890 3079 contusum
908 3011 1075 3084 pacificatum
1093 3012 1288 3081 promissionum

177 3085 250 3155 leges
263 3091 291 3136 et
302 3093 381 3154 poeta
395 3090 522 3137 convente
534 3083 644 3154 pedibus
657 3083 814 3138 conminuta.
849 3085 918 3137 Tum
936 3099 1027 3135 rursus
1045 3081 1246 3136 delibmationes
1258 3093 1288 3136 et

177 3153 286 3207 consilia
309 3170 355 3222 per
374 3161 454 3206 totum
468 3159 567 3206 noctem
583 3163 689 3206 versata
701 3153 728 3206 in
746 3171 845 3206 omnem
862 3159 963 3223 partem
980 3168 1013 3204 ao
1030 3155 1186 3204 tesserarum
1204 3151 1288 3205 instar

176 3224 276 3276 iactata
294 3230 362 3275 sunt.
397 3223 444 3275 Sic
461 3222 500 3274 illi
520 3222 665 3292 principes,
684 3239 740 3276 cum
759 3223 794 3276 de
811 3223 970 3276 sessionibus
982 3220 1072 3273 deiuoe
1091 3220 1211 3273 siuturis
1224 3237 1288 3274 eou-

177 3293 335 3352 nutassent,
352 3291 536 3360 machinasque
549 3297 577 3344 et
587 3291 700 3344 fabricas
716 3291 743 3344 iu
756 3309 803 3344 nos
817 3297 1004 3362 superassent,
1021 3306 1112 3359 quaes
1132 3296 1159 3343 et
1196 3300 1288 3342 neuma

177 3361 264 3414 timori
277 3377 323 3412 suo
338 3359 529 3428 abstergendo,
545 3360 619 3412 nobis
634 3375 699 3414 vero
711 3361 829 3414 funditus
843 3359 961 3414 delendis
980 3377 1012 3412 ae
1027 3357 1178 3428 pessumdare
1198 3358 1220 3410 ‘s
1238 3375 1288 3429 pa-

177 3445 222 3484 res
234 3429 292 3482 iore
305 3429 514 3492 arbitrabantur,
532 3430 681 3483 concionem
698 3438 808 3494 vocant,
825 3428 962 3482 sententiis
976 3427 1080 3479 iniustis
1092 3434 1120 3480 et
1129 3427 1215 3497 impiis
1226 3445 1288 3497 spe-

178 3499 276 3552 ciosum
293 3497 409 3551 institiae
427 3514 518 3552 nemen
536 3499 704 3567 imponentes.
740 3499 807 3567 (ΙΙ.)
824 3499 882 3552 Νοι
900 3514 963 3551 vero
981 3497 1115 3560 affuimus,
1133 3497 1226 3565 partim
1239 3514 1289 3549 no·

178 3568 276 3630 lentes,
295 3567 389 3637 partim
408 3569 485 3620 etium
503 3566 635 3620 volentesr
653 3568 770 3621 uolentes
791 3567 913 3636 quidem,
935 3565 1055 3635 quonism
1075 3573 1188 3618 smuetas
1212 3565 1286 3619 nubis

178 3637 285 3691 fraudes
306 3637 375 3689 haud
398 3635 589 3700 nesciebamus,
611 3636 669 3688 sive
687 3653 732 3690 ees
750 3652 857 3706 quarum
880 3636 978 3690 molitio
993 3635 1027 3687 sd
1047 3635 1144 3688 exitum
1162 3635 1287 3703 perducta

178 3711 258 3771 esset,
277 3706 334 3758 sive
348 3705 406 3758 ilias
422 3722 489 3776 quoe
504 3705 706 3771 exsecutionem,
725 3707 797 3758 velut
809 3705 837 3756 in
849 3704 936 3758 limine
947 3711 1104 3767 morantem,
1120 3703 1206 3756 adhue
1218 3705 1287 3756 inte·

177 3773 985 3912 addititii?{mittitdiditi&
998 3771 1287 3911 dimidii}

177 3919 269 3966 tuente
281 3913 353 3967 istud
372 3861 502 3982 mairyrii
511 3861 621 3966 nondinis
641 3919 791 3977 commutes,
808 3913 890 3966 bonas
907 3912 942 3966 de
956 3879 1046 3964 inituro
1063 3927 1126 3980 spes
1145 3927 1196 3964 non
1215 3912 1289 3964 ratu·

197 3981 326 4046 ‘ebsmus3
344 3983 447 4034 tametsi
465 3980 597 4048 religionis
612 3981 808 4046 auctoritatem,
824 3981 898 4034 runis
912 3979 1029 4050 plurimis
1048 3986 1077 4033 et
1088 3979 1241 4033 Sanctorum
1256 3979 1289 4030 li·

198 4052 234 4103 ris
256 4051 342 4104 multis
359 4053 505 4115 firmatum,
522 4067 647 4120 praeseus
661 4061 762 4118 tempus
783 4067 834 4103 nou
848 4051 1019 4113 admittebat,
1036 4048 1083 4103 sed
1096 4049 1219 4102 libertate
1231 4048 1289 4117 ipsu

178 4119 283 4173 dieeudi
297 4121 371 4173 nobis
391 4137 498 4190 prorsus
519 4121 620 4184 abiate,
638 4137 669 4173 ac
689 4119 742 4172 iltis
759 4120 805 4243 ροὶ
824 4119 938 4172 absurda
957 4118 1090 4188 quaelibet
1102 4118 1181 4171 facile
1194 4135 1289 4186 perpe·

178 4195 281 4244 trereut
294 4207 433 4252 concessu,
450 4205 525 4244 sacra
539 4189 659 4242 veritatis
673 4189 760 4258 pressi
781 4189 806 4241 is
818 4187 936 4241 denoiiri
948 4194 976 4240 et
987 4192 1107 4240 evertere
1124 4187 1192 4239 omni
1204 4202 1288 4239 armo·

178 4273 236 4310 rum
256 4277 352 4328 genere
365 4260 522 4321 festinabat,
540 4258 616 4311 nuliis
628 4259 751 4323 auribus,
769 4257 846 4311 nullis
860 4256 967 4321 smmis,
984 4273 1030 4310 seu
1045 4255 1233 4324 indignationis
1245 4254 1288 4305 di-

179 4325 257 4382 vinae
268 4337 381 4394 metum,
397 4345 443 4382 seu
461 4329 589 4383 hominu
601 4329 774 4383 reverentiam
791 4325 987 4398 surripientibus.
1027 4325 1106 4395 (tu)
1122 4325 1247 4378 conuno-
1258 4323 1286 4374 iu
