3067 4792
2 343 3 406 ,
263 293 340 372 aaa
565 307 802 378 muannoru
825 307 1069 378 oanuoaan

98 487 127 538 a.
143 485 177 536 it.
188 466 439 558 6849εάμήχανδν
451 468 552 556 πωςῆ
571 468 688 558 ἀνάγκη
705 475 783 562 πρδς
801 475 959 561 σωτηρίαν
972 473 1102 559 γίνεται,
1131 472 1256 560 ἀμεινον
1274 471 1376 562 δήπου

141 555 222 610 [Μ
264 587 330 654 τοῖς
353 573 434 666 λόγῳ
457 577 508 640 καί
525 582 569 664 νῷ
585 586 725 662 συμφυεῖ
740 578 936 664 κεχρημένοις
954 574 1030 661 ἡμῖν
1044 578 1077 644 έν
1091 589 1157 655 τοϊς
1174 578 1378 658 ἐπικινδύνοις

262 677 441 769 πράγμασιν
462 675 571 764 έγγάας
594 679 749 762 ἀπαιτεῖν,
785 678 901 749 ὁπόσαι
925 679 1005 766 πρδς
1025 679 1082 764 τὴν
1096 681 1140 746 δι’
1159 680 1261 769 δρκων
1276 708 1375 749 κατα-

231 781 412 874 Εφεάγουσι
424 783 582 848 πίστωσιν.
610 781 804 868 ἀμειψαίμην
815 784 848 850 δ’
864 782 903 849 ἀν
920 786 972 849 καὶ
989 783 1084 860 αάτδς
1096 781 1179 867 ἀμᾶς
1191 797 1258 862 τοῖς
1269 813 1376 872 παρα-

261 888 402 972 πληοίοις
410 934 421 966 ,
449 885 532 969 εἰμὴ
550 885 640 950 ἱκανοὶ
650 885 728 972 πρδς
742 884 915 975 ἀσφάλειαν
931 889 1063 963 πίστεως
1076 887 1118 952 τά
1133 890 1398 976 προδπηργμέναὸ

251 991 379 1089 δοκοίη.
407 989 440 1054 έν
453 988 512 1075 γάρ
524 989 649 1078 ἐξουσία
661 986 821 1075 γενόμενος
833 996 891 1056 τοῦ
904 996 961 1075 τῆς
983 991 1228 1079 αὐτοκρατορίας
1243 999 1375 1079 περιβα-

247 1095 376 1161 ’λέσθαι
392 1091 428 1158 τδ
444 1099 569 1176 σχῆμα,
597 1091 675 1179 πρὸς
688 1091 822 1177 ἐσχάτας
839 1093 900 1179 ἤδη
917 1100 976 1159 τοῦ
989 1095 1143 1176 βασιλέως
1156 1093 1247 1172 ὄντος
1262 1095 1371 1177 πνοάς,

264 1193 316 1264 dte
330 1198 382 1263 καί
397 1195 456 1262 σδν
476 1205 542 1270 τοῖς
563 1197 651 1259 δυσίν
665 1195 761 1262 υἱέσιν
782 1198 897 1262 ἐκείνου
913 1204 977 1262 τῶν
996 1199 1162 1279 βασιλείων
1175 1196 1263 1264 ένδον
1279 1197 1375 1275 αάτδς

260 1297 421 1387 γενόμενος
446 1307 600 1386 φρουραῖς
628 1310 863 1385 στρατιωτικαῖς
889 1296 1113 1388 ἠσφαλισάμην
1141 1300 1240 1383 niani,
1274 1304 1375 1386 μηδε-

158 1433 162 1439 ’
262 1403 317 1478 νδς
335 1399 610 1488 ἀντιπράττοντος,
647 1401 727 1467 ἀλλὰ
752 1400 877 1470 πάντων
904 1399 1125 1488 ὑπεπτηχότων
1146 1409 1192 1493 τῷ
1217 1403 1297 1485 δέει,
1331 1403 1370 1470 οὔ
1382 1407 1417 1462 1⁰

233 1504 378 1580 Ftudtdv
399 1505 544 1571 πέπονθα
562 1513 627 1580 τοῖς
640 1504 722 1590 παρ’
748 1505 838 1584 ἀξίαν
858 1506 1027 1590 έντυχοῦσέ·
1040 1530 1098 1571 τινι
1118 1512 1292 1596 θησαυρῷ,
1319 1510 1373 1572 καὶ

261 1608 453 1696 ἀμφοτέραις
475 1608 510 1674 τδ
539 1614 596 1692 τῆς
620 1614 726 1692 ψυχῆς
756 1606 989 1691 ἀναπιμπλάναι
1019 1613 1077 1674 τοῦ
1105 1607 1221 1694 ἔρωτος
1242 1612 1372 1697 φίλτρον

266 1711 479 1798 ἐπειγομένοις·
496 1709 562 1775 ἀλλ’
580 1709 682 1792 ἔμεινα
696 1716 759 1775 τῶν
771 1718 829 1794 τῆς
841 1712 972 1798 ἔξαρχῆς
987 1711 1166 1796 προθέσεως
1180 1709 1261 1798 ἀρων
1274 1711 1370 1789 ἐντός.

266 1821 374 1906 πολλῷ
389 1815 423 1881 δὲ
439 1810 541 1897 δήπου
562 1811 753 1900 σαφέστερον
775 1815 899 1890 ίξουαία
912 1816 964 1878 καί
977 1819 1114 1891 πλοῦτος
1127 1817 1179 1879 καί
1197 1811 1373 1898 αὐτόνομος

264 1915 397 2016 δάναμις
416 1913 540 2004 γνώμην
570 1912 740 2001 ἀνθρώπου
764 1919 928 2000 δηλοδσιν,
966 1914 987 2002 ἢ
1010 1919 1098 1982 πενία
1117 1920 1170 1982 καί
1190 1913 1372 1996 ἀπεξοάσιος
1380 1923 1415 1980 16

262 2024 378 2087 δίαιτα.
405 2025 452 2108 τῷ
478 2018 539 2106 γάρ
563 2017 698 2108 ἀκουσίῳ
719 2021 832 2104 βιαίως
862 2019 952 2085 ἐνίων
974 2018 1015 2084 τδ
1044 2019 1112 2105 ἤθη
1138 2019 1372 2107 τυραννούμενα

167 2139 197 2192 Ρ.
205 2121 414 2198 θοθλανθάνει
428 2121 480 2188 διά
495 2127 619 2208 μακροῦ
636 2122 693 2198 τάς
707 2129 770 2188 τῶν
779 2121 897 2198 ἔξωθεν
908 2124 1021 2208 κρίσεις
1034 2129 1091 2207 τῆς
1106 2121 1258 2207 ἀληθείας
1273 2149 1370 2190 κατα-

259 2223 448 2311 ψευδόμενα.
473 2221 507 2290 ’έν
527 2226 584 2308 μέν
604 2217 658 2290 οάν
679 2226 772 2292 έκεῖνο
796 2224 875 2308 μετά
892 2224 951 2309 τὴν
970 2231 1028 2290 τοῦ
1052 2226 1206 2308 βασιλέως
1226 2227 1371 2312 τελευτὴν

259 2336 318 2416 τῆς
332 2331 408 2414 έμῆς
422 2324 643 2414 καθαρότητος
656 2328 905 2415 παραστατικὸν,
932 2330 982 2394 καὶ
996 2325 1063 2411 ἅμα
1082 2334 1140 2413 τῆς
1152 2324 1241 2424 ἀμῶν
1255 2332 1371 2406 δειλίας
1386 2343 1404 2366 “

259 2432 470 2521 ἀναιρετικὸν,
499 2429 546 2497 ὅτι
571 2432 672 2518 παρδν
693 2433 729 2498 ίκ
753 2437 809 2497 τοῦ
832 2428 951 2522 ῥᾴστου
972 2430 1009 2496 vd
1025 2434 1183 2513 βασίλειον
1196 2429 1414 2518 mauritium-20

258 2545 338 2605 σθαι
355 2532 468 2625 κράτος
473 2584 485 2618 ,
514 2532 584 2600 οὔτε
605 2535 747 2622 πέπραγα
760 2541 903 2600 τοιοῦτον
925 2531 1034 2615 oridia,
1063 2533 1134 2600 odra
1149 2532 1368 2618 βεβούλευμαι,

259 2640 326 2707 ἀλλ’
344 2640 447 2724 ἔμεινα
461 2634 593 2721 πάμπαν
609 2644 671 2703 τῶν
688 2635 770 2725 δρων
784 2643 839 2722 τῆς
854 2637 1031 2722 εἰθισμένης
1046 2634 1160 2715 τάξεως
1173 2638 1271 2720 ἔνδον,
1291 2637 1369 2724 ἀκή-

261 2770 357 2832 ρατον
372 2747 533 2828 συντηρῶν
546 2739 582 2808 τδ
595 2747 731 2829 φρονοῦν
742 2747 798 2826 τῆς
810 2746 925 2825 φυχῆς.
953 2739 993 2807 οά,
1007 2739 1066 2827 γάρ
1076 2746 1225 2806 τοσοῦτον
1239 2739 1370 2830 ἀνθρά-

231 2867 333 2925 Βποις
349 2846 488 2936 ἀρέσκειν
504 2845 607 2934 ἔκρινα
628 2847 707 2928 δεῖν,
734 2841 810 2911 ὅσον
821 2850 867 2935 τῷ
883 2849 949 2910 τῶν
962 2840 1087 2926 ἀδήλων
1103 2830 1221 2933 ἔπδπτη
1232 2849 1309 2936 θεῷ.
1321 2852 1325 2861 ’
1337 2845 1369 2912 oi

258 3013 307 3066 bna
320 3010 378 3082 ipen
389 3009 532 3087 neeeeaitaa
544 3005 667 3092 quaedam
682 3006 773 3090 aaiutia
785 3005 898 3091 tneudae
910 3012 982 3062 artes
994 3007 1121 3078 mggorit,
1138 3014 1235 3080 quanto
1251 3026 1298 3062 noa
1312 3025 1368 3063 ma-

257 3076 1307 3203 αιννν

258 3218 334 3272 fidem
349 3217 517 3272 iureiurando
532 3164 666 3270 ¹danciunt.
701 3215 823 3268 Referam
840 3223 925 3270 autem
943 3217 1017 3269 vebia
1032 3216 1106 3285 paria
1122 3224 1150 3269 et
1162 3217 1235 3287 ipae,
1252 3165 1368 3288 ai’pdae-

258 3289 354 3342 teritae
374 3305 418 3341 rea
436 3287 471 3340 ad
486 3285 548 3338 fidei
566 3283 783 3338 confirmationem
803 3301 855 3337 non
870 3285 935 3338 aetia
953 3303 1011 3338 eaae
1029 3285 1175 3339 videantur.
1210 3286 1291 3339 Certe
1309 3304 1367 3341 eum

277 3375 338 3410 enea
350 3375 390 3410 me
408 3361 479 3410 eaaet
491 3354 672 3424 imperatoriae
686 3354 822 3424 potestati·
833 3353 942 3408 iuduere
954 3354 1076 3424 insignia,
1093 3361 1232 3408 extremum
1246 3355 1366 3426 spiritum

285 3443 308 3479 m
324 3425 461 3480 exhalante
473 3424 646 3494 imperatore,
670 3431 724 3475 tum
739 3423 841 3476 seilicet
857 3441 913 3476 eum
926 3423 1062 3492 palatium,
1079 3424 1106 3476 in
1124 3442 1174 3495 quo
1194 3441 1250 3478 cam
1266 3425 1366 3478 duobua

256 3495 373 3550 defuncti
394 3493 455 3548 iiliia
473 3493 612 3557 versabar,
634 3490 764 3562 praeaidio
784 3493 925 3546 muniebam
944 3493 1066 3556 militari,
1091 3493 1192 3546 nemine
1212 3493 1366 3561 obaiatente,

256 3566 372 3618 amnibus
387 3574 456 3616 metu
470 3563 623 3633 prostratis,
645 3579 697 3614 non
716 3560 783 3614 idem
801 3561 864 3614 mihi
878 3560 975 3616 accidit
987 3571 1066 3632 atque
1076 3562 1144 3624 illia,
1161 3561 1206 3632 qui
1218 3563 1246 3615 in
1258 3564 1367 3617 theanu-

255 3650 312 3687 rum
327 3631 362 3686 ali
381 3649 438 3685 nem
455 3631 574 3685 incidunt
593 3630 694 3684 minime
709 3629 797 3700 digni,
820 3636 849 3684 et
867 3647 943 3684 maun
964 3639 1077 3700 utraque
1096 3630 1212 3699 gestiunt
1232 3630 1365 3686 ardentem

254 3702 332 3756 animi
349 3651 482 3755 lididinem
495 3700 616 3770 expiere3
636 3701 692 3763 aed¹
700 3715 739 3753 me
752 3701 822 3752 intra
834 3700 939 3769 priatini
950 3699 1063 3752 instituti
1074 3699 1169 3752 tinne·
1183 3701 1306 3753 continui.
1329 3703 1365 3754 at

253 3771 372 3841 potentia
385 3779 412 3853 et
425 3787 489 3841 opea
504 3777 531 3822 et
546 3787 613 3853 quae
626 3770 665 3822 aui
679 3768 743 3822 iuria
754 3775 795 3821 eet
806 3769 928 3833 libertae,
946 3785 1000 3852 qua
1012 3768 1070 3839 qnia
1081 3776 1168 3822 menta
1182 3769 1217 3823 ait
1230 3769 1365 3823 declarant

250 3841 331 3895 multo
346 3849 454 3904 aeruna,
471 3855 547 3911 quam
560 3855 636 3909 inope
651 3845 678 3892 et
692 3845 839 3908 mancipata
851 3838 928 3892 alteri
944 3845 1009 3892 vata.
1044 3837 1212 3906 Quorundam
1228 3837 1295 3890 enim
1309 3855 1366 3892 mo-

250 3927 295 3963 rae
308 3909 466 3963 aeternitate
479 3916 602 3979 tanquam
618 3907 645 3960 ei
656 3905 793 3978 tyrannica
816 3906 935 3978 oppressi
957 3907 1064 3960 aliorum
1078 3907 1207 3961 hominnm
1218 3907 1364 3977 opinionem

251 3977 291 4032 aio
310 3978 415 4042 fallunt,
439 3983 468 4031 ut
488 3977 533 4030 diu
554 3977 713 4031 mendacium
731 3977 840 4029 veritati
860 3975 1019 4046 praevaleat.
1054 3977 1115 4029 Una
1134 3975 1143 4027 i
1164 3976 1216 4030 'tur
1238 3993 1280 4030 rea
1298 3973 1364 4030 haee

270 4053 312 4100 oet
329 4054 435 4101 mortem
448 4046 614 4116 imperatorie
632 4053 659 4100 et
672 4063 753 4099 meam
766 4045 943 4116 integritatem
957 4045 1022 4098 aatia
1034 4061 1146 4098 commen
1164 4053 1204 4109 at,
1222 4052 1249 4098 et
1263 4062 1310 4098 voa
1330 4045 1364 4097 li-

299 4123 328 4170 at
343 4125 429 4182 metu,
447 4116 519 4188 quod
532 4115 605 4168 facili
618 4115 707 4169 labore
722 4119 877 4185 poteetatem
888 4114 951 4168 mihi
966 4114 1156 4183 imperatoriam
1170 4130 1294 4184 arrogare
1307 4130 1365 4167 eum

251 4201 368 4256 pausem,
386 4204 435 4240 nee
453 4185 506 4239 tale
525 4183 618 4239 admisi
635 4185 773 4256 quidquam
792 4201 840 4238 nee
852 4183 985 4251 cogitavi,
1009 4184 1055 4238 aad
1066 4175 1174 4237 ‘omuino
1192 4183 1261 4236 intra
1281 4183 1364 4238 officii

250 4257 368 4311 oonaueti
385 4255 478 4310 iimitea
492 4254 645 4324 iuuorruptu
662 4253 739 4306 animi
756 4253 930 4308 moderatione
948 4252 1021 4306 atati.
1055 4252 1212 4306 Piaoendum
1229 4252 1296 4306 enim
1314 4268 1364 4320 pu-

251 4324 307 4382 tavi
322 4341 373 4382 uon
386 4331 438 4384 tam
450 4322 594 4382 homiuibus
607 4337 684 4396 quam
699 4323 764 4391 Deo,
782 4325 828 4396 qui
842 4323 943 4379 neema
954 4321 1090 4398 perapieit.
1113 4321 1155 4379 iiii
1171 4321 1269 4394 quippe
1281 4328 1363 4377 teatoa
