3067 4792
253 312 329 387 812
554 318 791 389 NICEPHORI
806 316 1050 385 GREGORAE

88 495 115 545 λ.
129 492 163 544 u.
177 486 289 551 6855τί
300 482 376 551 ποτ’
400 480 439 549 dv
462 477 569 565 λάβοις
594 483 688 559 οιίιτὸς
714 484 779 573 ἰδίη
808 479 886 567 πρδς
907 480 1054 567 εῦπορίαν
1075 481 1129 547 σοί
1138 503 1171 547 τε
1185 482 1237 546 καὶ
1250 488 1316 557 τοῒς
1330 506 1364 566 γε

124 564 219 619 Μ’15
256 589 337 674 ἀμφὶ
353 588 389 651 σί
409 584 624 673 στρατιώταις.
657 584 737 651 Οῦτε
756 584 817 669 γάρ
842 583 914 649 ἄνευ
939 581 1043 649 ὅπλων
1063 586 1115 649 καί
1137 590 1365 670 στρατιωτικῶν

253 688 415 773 δυνάμεων
441 690 575 755 δυνατὸν
596 688 758 771 βασιλείαν
781 688 1008 768 συνίστασθαι,
1034 689 1085 751 καί
1107 684 1244 768 μάλιστα
1257 686 1316 770 τὴν
1329 687 1364 751 de

252 798 476 878 νεωτερισμοῦ·
505 790 575 858 οῦτε
594 787 765 879 χρημάτων
791 788 879 871 ἰίνευ,
905 788 941 855 τύ
960 814 995 875 γε
1018 792 1120 872 μεῖζον
1144 793 1252 869 εἰπεῖν,
1281 786 1365 855 ῦπλα

254 899 306 962 καί
324 895 547 981 στρατιωτικάς
569 894 648 971 είκδς
668 893 874 979 ἀθροίζεσθαι
895 891 1047 976 δυνάμεις.
1083 898 1282 978 στρατιωτῶν
1301 891 1384 977 γάρὸ

253 998 328 1065 ι’ίνευ
350 1000 445 1063 ἐνίοτε
467 996 586 1083 μεγάλα
609 1000 661 1063 καί
684 995 766 1061 καθ’
787 993 883 1061 αῦτδν
902 993 1049 1078 ἰσχύοντα
1070 992 1182 1070 πάντες
1206 995 1291 1059 ἰλιασι
1309 994 1364 1059 τδν

150 1123 240 1179 Μςι
252 1101 390 1187 χρυσὸν,
413 1103 464 1166 aei
486 1097 588 1185 πάσης
610 1098 775 1175 ἑλεπόλεως
797 1101 897 1179 μείζω.
925 1098 1075 1183 πρίνιγάρ
1102 1098 1275 1163 αἰσθίσθαι
1289 1097 1363 1171 τοῦς

158 1208 250 1267 [413
261 1206 401 1284 πλείους,
427 1200 595 1291 εῦρίσκεται
611 1200 758 1278 πολλάκις
773 1201 889 1291 ῥᾳδίως
906 1201 1116 1287 προδεδομίνη
1129 1210 1194 1276 τοῖς
1209 1201 1365 1281 πολεμίοις

255 1305 383 1393 ήπύλις
402 1305 453 1371 διδ
467 1304 593 1391 χρυσόν.
622 1303 719 1371 οἰσθα
737 1306 769 1369 δ’
790 1298 830 1369 αῦ
853 1307 904 1369 καί
923 1302 996 1380 ὅσος
1013 1306 1045 1368 dx
1068 1310 1129 1368 τῶν
1144 1303 1363 1388 στρατοπίδων

255 1421 323 1487 τοῖς
341 1408 467 1495 ἄγουσιν
485 1408 575 1493 ῦχλος
596 1408 675 1492 μετά
692 1406 840 1473 κινδύνων
854 1407 972 1487 ἕπεται,
996 1404 1074 1490 μήτε
1089 1407 1231 1487 πολίμων
1244 1402 1362 1491 παρόν·
1371 1420 1407 1474 10

256 1538 329 1594 των,
356 1509 434 1595 μήτε
449 1518 575 1594 μισθῶν
590 1510 758 1593 διδομίνων
775 1510 890 1585 αῦτοῖς.
918 1506 966 1585 οίς
978 1510 1037 1595 γάρ
1054 1507 1212 1592 ὁρίζεσθαι
1224 1508 1279 1573 τὸν
1293 1510 1363 1590 βίον

172 1640 177 1647 ·
256 1616 289 1681 dr
314 1622 358 1703 τῷ
374 1622 495 1698 μισθοῦ
516 1611 741 1700 στρατεύεσθαι
765 1612 877 1692 δ’πεισι,
902 1610 1024 1688 τούτοις
1043 1610 1223 1696 ἀνάγκηκαὶ
1238 1611 1364 1691 τδνμίν

255 1714 390 1801 πόλεμον
406 1723 512 1807 πολλῷ
526 1724 582 1802 τῆς
595 1714 716 1804 εἰρήνης
731 1714 873 1800 ἡγεῖσθαι
886 1717 1008 1800 βελτίω,
1028 1715 1085 1799 τὴν
1099 1718 1119 1779 δ
1123 1714 1131 1739 ’
1146 1711 1269 1798 εἰρήνην
1285 1719 1363 1779 πολ-

223 1817 529 1909 Βλῷχαλεπιύτερον
548 1828 604 1885 τοῦ
627 1821 760 1903 πολίμου
779 1826 898 1904 χρῆμα.
927 1815 943 1884 ri
974 1820 1031 1902 μὲν
1059 1817 1119 1904 γάρ
1144 1816 1278 1900 πόλεμος
1304 1816 1362 1882 σδν

255 1930 300 2012 τῷ
321 1929 429 2010 μισθῷ
455 1926 505 1988 καί
524 1924 630 2005 βιαίας
654 1920 795 2007 ἁρπαγῆς
816 1923 1008 1987 καθίσταταί
1022 1943 1128 2006 σφισιν
1152 1920 1265 1997 αἴτιος,
1295 1918 1357 2005 ἀφ’
1372 1933 1405 1987 15

258 2018 301 2093 ῶν
316 2025 456 2112 ἀφθονία
472 2027 623 2111 τραπέζης
637 2023 782 2107 άμύχθου
796 2027 996 2108 προτίθεται·
1017 2021 1120 2109 εἰρήνη
1136 2024 1170 2088 δέ
1184 2022 1363 2088 τούναντίον

257 2128 401 2215 άφθονος
417 2132 468 2193 καὶ
493 2135 555 2194 τῶν
578 2127 675 2194 ὄντων
699 2123 822 2210 δαπάνη
842 2129 1042 2192 καθίσταται.
1071 2126 1110 2191 ori
1130 2126 1163 2191 δ’
1178 2125 1362 2211 ἀμφοτέροιιν

257 2231 456 2315 ἐστερημένος
475 2232 507 2295 ἓν
532 2237 575 2319 τῷ
591 2230 702 2297 αύτίκα
724 2229 781 2295 οῦκ
805 2228 844 2293 άν
861 2227 997 2316 φθάνοις
1012 2231 1152 2315 φθείρων
1165 2228 1313 2308 σεαυτὸν,
1340 2226 1361 2312 ἢ

255 2336 411 2417 βασίλειον
436 2340 556 2422 σεαυτῷ
583 2330 833 2417 περιποιούμενος
855 2329 977 2417 κράτος.
999 2331 1062 2397 Ἢν
1084 2339 1160 2416 γοῦν
1174 2334 1241 2415 ε’μοί
1256 2334 1362 2396 πείθε-

257 2442 336 2503 σθαι
361 2436 474 2523 θίλης,
502 2444 540 2522 τῇ
561 2442 682 2518 μᾶλλον
703 2433 722 2518 ἢ
744 2435 784 2499 ori
804 2434 920 2499 σαυτὸν
939 2432 1085 2521 ποθούσῃ
1102 2438 1198 2520 μητρὶ
1205 2484 1215 2515 ,
1238 2435 1306 2516 ἐμοὶ
1320 2433 1404 2499 trito

231 2538 303 2605 Οσά
317 2536 539 2625 προσανάθου,
562 2538 664 2623 βραχύ
678 2540 869 2621 περιμείνας,
895 2538 952 2613 ἕως
967 2536 1007 2604 dv
1029 2538 1086 2622 τὴν
1100 2540 1248 2621 ταχίστην
1263 2538 1294 2611 ἰς
1307 2536 1362 2602 τὸν

255 2643 311 2708 σάν
335 2644 501 2707 ἐπανιοῦσα
523 2643 660 2727 πατίρα,
690 2640 744 2718 ξῦν
767 2646 812 2729 τῷ
837 2639 962 2726 ἄφοβον
985 2637 1066 2705 εἶναί
1085 2665 1137 2719 σε,
1166 2642 1218 2704 καί
1243 2639 1283 2704 τά
1305 2645 1362 2722 τῆς

255 2744 400 2832 εὐπορίας
409 2748 525 2812 ἐκεῖθεν
537 2746 569 2808 ἓν
580 2742 696 2830 μεγάλη
707 2751 755 2809 σοί
767 2739 943 2827 ποιήσωμαι
951 2742 1162 2833 πραμηθειή.”
1178 2740 1243 2830 (Ε.)
1255 2741 1359 2805 Ταῦτ’

326 2859 368 2911 18.
386 2854 476 2925 φδάν.
485 2860 538 2925 (pli.
552 2872 653 2921 σεαυτ,
666 2847 695 2925 ἢ]
707 2857 813 2923 μᾶλλον
827 2854 998 2925 aupplendum
1012 2861 1062 2919 eat,
1079 2855 1235 2908 observante
1243 2853 1362 2909 Boivino.

254 2942 419 3011 relinquent,
439 2944 558 3013 quidnam
579 2960 694 2996 seorsum
711 2942 768 3013 ipse
784 2942 886 2995 taudem
908 2943 1040 2994 habiturae
1061 2940 1113 3004 eie,
1133 2940 1202 3010 quod
1218 2949 1245 2993 et
1264 2940 1314 2993 tibi
1333 2948 1362 2994 et

254 3012 306 3064 tuin
324 3011 446 3063 militibus
466 3012 503 3063 ait
520 3012 592 3064 antia.
629 3012 765 3065 Neceuiiu
789 3012 845 3063 aine
867 3011 945 3063 armis
968 3010 1172 3078 militaribusque
1191 3008 1273 3079 copiis
1298 3027 1362 3061 cou-

254 3081 363 3132 atituere
375 3080 506 3148 imperium
519 3081 566 3133 eibi
580 3082 715 3151 quiequam
728 3088 823 3151 potest,
835 3080 985 3148 praesertim
996 3080 1020 3131 ai
1031 3080 1059 3130 id
1072 3096 1119 3147 per
1131 3096 1211 3131 novae
1225 3096 1268 3131 res
1280 3096 1362 3147 quae·

253 3158 312 3202 rato
334 3164 395 3211 nee,
416 3149 483 3217 quod
498 3151 577 3200 uiuiue
592 3158 647 3213 est,
663 3168 733 3203 arma
746 3150 921 3217 militaresque
938 3150 1031 3216 copiae
1047 3149 1169 3199 videntur
1183 3149 1270 3216 parari
1286 3164 1361 3216 posse

254 3218 317 3269 eine*
326 3216 444 3284 pecunia.
481 3218 563 3269 Neruo
577 3219 678 3271 scilicet
689 3220 737 3271 luoc
751 3216 843 3279 ueaoit,
856 3218 938 3285 ipsum
949 3234 999 3285 per
1011 3234 1041 3268 ae
1052 3234 1141 3269 aurum
1152 3217 1232 3268 multa
1244 3216 1300 3268 aine
1313 3217 1362 3268 mi-

253 3285 342 3338 litibus
357 3302 449 3355 poene,
466 3286 540 3337 λιιιιιιο
555 3287 675 3340 maiorem
688 3304 762 3355 quem
777 3294 931 3339 tormentum
942 3286 1019 3337 ullum
1032 3286 1127 3338 murale
1140 3287 1192 3338 vim
1206 3286 1315 3367 habere:
1332 3290 1367 3339 ei.

253 3357 802 3493 tldlltslttll’dilituit
814 3357 1362 3493 “ittitlidtdlllullddi

253 3492 425 3559 periculorum
440 3494 474 3545 nb
489 3494 645 3545 exercitibus
657 3492 786 3547 redundet
797 3492 824 3545 iu
838 3493 927 3556 donea,
943 3509 1000 3544 oum
1014 3510 1064 3545 nee
1078 3494 1170 3545 bellum
1184 3492 1294 3560 geritur,
1312 3510 1361 3545 uec

253 3558 385 3628 atipeudia
396 3561 585 3631 persolvuntur.
612 3562 680 3614 Nam
694 3563 738 3631 qui
753 3580 807 3615 reru
820 3562 999 3629 fortunamque
1010 3579 1108 3614 omnem
1118 3562 1170 3614 eibi
1182 3562 1209 3614 in
1222 3560 1361 3629 stipendiia

253 3629 363 3697 positam
380 3647 437 3682 enee
453 3630 615 3699 intelligunt,
633 3650 677 3684 eoa
693 3648 798 3684 neeesse
818 3637 858 3683 eet
875 3640 903 3683 et
918 3631 1011 3683 bellum
1030 3630 1109 3683 multo
1128 3630 1203 3683 malle
1221 3645 1296 3699 quani
1312 3647 1362 3699 pa-

252 3713 322 3760 cem,
340 3706 368 3751 et
381 3714 468 3767 pacem
482 3701 560 3752 multo
577 3716 652 3768 quam
669 3700 761 3753 bellum
777 3700 890 3770 peiorem
904 3699 1035 3753 arbitrari.
1068 3695 1105 3751 ile
1123 3698 1249 3767 siquidem
1269 3699 1361 3752 bellurn

252 3782 301 3817 non
317 3766 397 3819 nolum
413 3768 557 3835 aecipiendi
572 3768 704 3837 adpendit,
721 3770 767 3821 sed
781 3779 809 3821 et
822 3768 935 3837 praedae
949 3782 995 3837 per
1009 3768 1061 3820 vim
1075 3768 1193 3836 agendae
1206 3769 1307 3821 occasio
1320 3769 1360 3832 fit,

251 3833 361 3887 undeet
377 3836 529 3905 parabilium
546 3838 677 3905 epularum
691 3839 767 3906 copia
782 3838 876 3890 affluit
911 3837 1009 3889 Contra
1022 3854 1072 3905 par
1084 3854 1171 3889 eorum
1184 3838 1275 3900 etiam,
1293 3854 1361 3906 quae

251 3902 309 3971 quis
324 3914 399 3972 parta
412 3904 498 3967 habet,
517 3905 609 3957 effusio
624 3907 747 3975 quaedam
760 3914 808 3960 ent.
834 3908 879 3959 Tu
892 3923 955 3958 vero
968 3914 1077 3975 unaque
1089 3922 1129 3968 re,
1142 3904 1266 3959 militibus
1278 3917 1307 3959 et
1314 3924 1361 3975 pe·

239 3972 326 4035 Ισιιιιλιι
340 3972 454 4036 seilicet,
478 3976 565 4027 atatim
586 3975 723 4027 destitutus
740 3977 829 4028 iacere
845 3992 896 4027 non
916 3976 1030 4045 poteris,
1048 3974 1110 4043 quin
1126 3974 1249 4041 teipsum
1264 3976 1360 4045 perdat

250 4040 354 4107 potius,
373 4058 447 4110 quam
462 4042 653 4112 imperatoriam
672 4044 720 4097 tibi
735 4044 913 4097 auctoritatem
930 4060 1039 4096 uererer.
1076 4042 1145 4096 illibi
1156 4043 1238 4110 igitur
1253 4044 1361 4097 credere

250 4108 275 4159 ai
290 4109 371 4173 velie,
388 4126 455 4177 quae
470 4121 498 4163 et
514 4120 596 4165 mater
611 4130 682 4175 num,
701 4120 728 4165 et
740 4119 767 4165 te
787 4112 869 4181 diligo
885 4112 980 4180 magia,
998 4128 1073 4181 quem
1092 4119 1150 4164 tute
1166 4112 1224 4181 ipae
1241 4121 1283 4176 te,
1300 4119 1360 4166 maa

249 4176 312 4229 milui
329 4194 371 4229 ree
388 4179 553 4245 committito,
572 4182 754 4251 paulisperque
772 4190 896 4249 exspecta
913 4181 999 4250 quoad
1017 4180 1151 4234 eelerrime
1171 4182 1204 4233 ad
1226 4191 1360 4249 parentem

250 4250 321 4297 tunm
342 4262 460 4311 reveren,
478 4260 505 4301 et
517 4255 547 4301 ut
564 4268 670 4303 securus
687 4252 724 4301 eis
743 4250 871 4310 efficiam,
896 4259 924 4302 et
942 4258 972 4301 ut
991 4250 1129 4319 opulentus
1150 4252 1247 4303 evadne
1264 4266 1360 4302 sumnia

250 4312 344 4367 deiude
357 4332 419 4371 eura
433 4318 607 4387 provideam.”
642 4320 704 4387 (V.)
722 4319 796 4373 Haeo
814 4320 921 4390 loquuta
931 4318 1080 4389 imperatrix
1095 4318 1172 4375 Irene
1187 4318 1297 4373 οαλιιιιιιιι
1306 4318 1360 4406 ‚⁶¹³⁵
