3067 4792
504 269 865 342 ANNOTATIONES·
1170 263 1271 338 1207

114 427 241 490 sanam
269 429 344 510 sris,
363 445 394 494 a
413 425 564 515 ,sesqua
582 425 646 492 ns
670 429 748 490 αι..
760 427 796 507 ·)
812 424 970 492 aaaron
990 391 1163 512 praenes
1182 434 1271 514 ρωῑ.

115 529 196 591 ram,
222 511 321 576 ionici
343 520 434 579 moris
454 515 552 578 hiero
572 516 712 598 ciringia
738 533 830 596 quam
852 515 1131 598 interpretationem
1149 519 1272 599 praelo-

113 601 242 662 rsndam
256 611 342 682 puto.
384 621 503 664 sorsin.

114 785 131 847 Ι
154 707 274 856 821203.
297 703 376 782 646,
399 709 461 802 16.Ι
492 696 598 774 Kaisar
611 702 686 778 ἴσως
697 701 774 784 ἔχων
790 723 820 765 α.
834 722 860 768 τ.
873 701 921 802 ia]
944 701 1021 766 vida
1040 702 1164 772 Homer.
1180 705 1268 770 iliad.
1291 705 1295 713 “

131 829 140 847 .
248 809 363 850 sorvis.

204 893 278 973 Peg·
300 889 379 966 643,
403 895 453 959 18.
496 885 632 956 Καθόσα
652 891 740 972 φιλία
762 891 889 955 δίδωσιν
911 883 1102 974 ἄκραιφνήρ]
1132 891 1270 956 obscura

115 972 251 1050 (lictnms
274 985 383 1054 atque,
403 985 440 1036 nt
457 987 594 1057 apparet,
619 979 766 1058 scriptum
785 975 937 1037 mendose.
982 975 1094 1038 Tamen
1113 977 1157 1038 its
1180 980 1271 1042 stiam

114 1059 152 1118 in
169 1059 280 1121 Codice
295 1062 441 1122 Vaticano
460 1063 610 1144 scriptum
627 1064 743 1145 reperit
758 1063 815 1123 Vir
833 1059 1036 1124 doctissimus.
1077 1081 1195 1125 soavna.

204 1166 275 1244 Pag·
297 1167 378 1242 646,
401 1165 452 1231 15.
495 1163 701 1248 Συμπὲαιτωκε
715 1159 815 1252 τούτῳ
831 1158 932 1226 πάντα
944 1157 1187 1241 τᾶναντιῶαατα]
1206 1159 1282 1228 Hm

114 1248 164 1308 ins
183 1246 298 1309 Histoi.
320 1250 374 1311 lib.
393 1250 604 1332 xv1.oap.1.
628 1261 701 1310 sect.
724 1251 783 1312 ult.
807 1271 874 1330 cap.
892 1250 926 1313 V.
951 1259 1025 1312 sect.
1044 1257 1077 1316 7.
1096 1251 1151 1312 lib.
1171 1251 1269 1316 XVII.

115 1353 206 1414 capp.
220 1334 272 1395 vl.
288 1333 559 1398 etv11.lib.xx1.
576 1358 641 1417 cap.
656 1335 707 1396 vl.
722 1344 779 1420 etc,
822 1354 937 1395 sorsin.

204 1441 275 1518 Pag.
299 1435 378 1513 647,
404 1435 434 1501 4.
481 1431 651 1520 Tpsoisomi
678 1460 740 1501 noo
771 1430 867 1516 μόνας
897 1433 1013 1519 ἡμέρας
1043 1433 1271 1524 0541414044ῐῷ
1393 1430 1396 1440 ’

114 1515 242 1608 Rasin]
267 1521 492 1584 Cantacuaenns
507 1524 626 1584 Cralem
650 1523 793 1584 convenit
810 1522 932 1583 circiter
954 1519 1033 1610 illusi
1051 1533 1187 1602 tempus,
1209 1543 1270 1602 quo

116 1607 239 1666 Orionis
259 1609 343 1668 sidua
366 1609 484 1685 oritur,
505 1606 567 1669 hoc
590 1619 636 1669 est
657 1618 770 1669 aestate
791 1608 929 1682 incunte,
951 1607 1008 1666 sub
1024 1607 1136 1668 exitum
1158 1608 1270 1670 mensis

114 1692 210 1752 iunii:
233 1701 268 1751 ut
286 1702 461 1754 annotatum
478 1714 572 1775 supro
588 1694 628 1755 ad
642 1714 711 1774 pag.
724 1697 799 1760 398.
814 1695 850 1756 E.
892 1692 975 1752 Idem
990 1713 1072 1770 nunc
1090 1693 1196 1754 diebus
1215 1694 1270 1753 tri·

115 1780 197 1856 ginta
215 1779 298 1857 apud
311 1779 430 1840 Cralem
444 1788 647 1839 commoratus
663 1799 726 1838 esse
742 1777 871 1856 dieitur3
892 1779 989 1858 iisque
1009 1778 1128 1858 elapsio,
1149 1777 1269 1842 venisse
1402 1846 1406 1856 ρ
1452 1838 1457 1849 ,

115 1863 273 1924 obsessum
310 1861 454 1940 Serrhas,
497 1874 626 1925 exeunte
652 1873 778 1942 aestate,
815 1863 907 1924 immo
940 1871 1103 1923 auctusnno
1135 1863 1269 1942 ineunte,

115 1956 149 2007 at
184 1947 315 2027 instante
349 1948 409 2008 iam
445 1949 608 2012 vindemia.
663 1949 711 2009 Ita
741 1949 846 2008 dicbus
880 1947 1005 2026 triginta
1041 1958 1134 2010 totam
1173 1959 1270 2009 aesta.

114 2042 176 2092 tem
197 2032 320 2092 videtur
340 2033 524 2095 conclusisse
543 2044 646 2094 noster
661 2033 713 2094 hio
731 2033 953 2113 chronologus.
997 2033 1057 2092 Ssd
1080 2035 1208 2094 sortasse
1230 2033 1270 2096 ad

113 2117 186 2178 illos
202 2117 329 2196 triginta
350 2118 430 2196 dies,
452 2120 535 2200 apusl
551 2121 672 2181 Cralem
688 2129 898 2202 consumptos,
919 2117 990 2178 addi
1006 2119 1095 2180 etiam
1119 2119 1210 2178 debet
1229 2121 1270 2178 il-

114 2203 170 2263 lud
191 2211 328 2285 tempus,
359 2205 443 2284 qnod
467 2215 628 2285 antequam
648 2203 686 2266 ad
708 2205 815 2265 urbem
838 2201 965 2266 Seirhas
984 2213 1165 2284 perventum
1181 2213 1268 2284 esset,

115 2288 265 2350 exercitui
279 2288 414 2368 cogendo
430 2299 460 2350 et
477 2291 674 2368 instruendo,
696 2300 788 2371 atque
809 2289 869 2371 ipsi
887 2289 988 2350 itineri
1010 2289 1199 2350 conficiendo
1211 2290 1269 2351 im.

113 2393 244 2456 pensum
259 2374 363 2434 luerit:
385 2384 421 2434 ut
440 2385 504 2436 tum
521 2376 641 2437 demum
657 2387 755 2437 castra
774 2396 869 2457 prope
891 2395 955 2434 eam
975 2374 1071 2456 ipsam
1088 2374 1194 2436 urbem
1214 2396 1270 2456 po.

115 2459 175 2520 sita
193 2459 270 2536 sint,
291 2480 360 2519 oum
377 2459 437 2520 iarn
457 2472 552 2522 aestas
569 2472 634 2522 tota
655 2463 786 2524 exiisset.
831 2464 1059 2522 Cantacuasnus
1078 2459 1192 2521 Hister.
1212 2459 1267 2526 lib.

113 2543 170 2606 Ill.
192 2565 260 2625 cap.
280 2544 390 2606 XLIX.
412 2547 456 2606 ait
478 2567 510 2608 se
532 2542 673 2627 otpovsoiv
693 2547 880 2628 παραλαβεῖν
902 2542 964 2626 ἤδη
983 2543 1269 2627 παρεσκευασμένην

113 2628 188 2710 περὶ
202 2629 316 2711 θέρους
331 2627 466 2711 ἐκβολάς.
509 2631 594 2692 Idem
608 2630 708 2708 addit,
730 2632 851 2692 Cralem
871 2650 940 2690 onan
959 2650 1056 2690 uxore
1070 2641 1268 2710 prosecutum

115 2734 182 2774 esse
204 2735 237 2774 so
253 2735 351 2795 usque
371 2716 410 2777 ad
427 2715 554 2777 conlinia
574 2716 692 2798 imperii
706 2717 849 2777 Romani:
870 2715 903 2776 id
918 2715 1002 2796 quod
1023 2735 1084 2776 non
1099 2715 1172 2776 satis
1192 2737 1270 2776 con·

115 2799 200 2880 gruit
217 2820 286 2860 cum
308 2801 478 2864 rationibus
495 2803 607 2862 nostris
627 2799 858 2882 chronologicis.
900 2819 1019 2865 ncrvrie.

204 2905 289 2982 Peg..
300 2907 379 2979 647,
401 2907 432 2968 9.
472 2899 539 2968 Ἐπὶ
553 2900 611 2986 τήν
629 2899 720 2968 πόλιν
734 2903 880 2985 Σερραῖν]
901 2902 1003 2982 atqua
1021 2899 1165 2962 hocloco
1179 2903 1269 2964 etiam

116 2985 269 3063 Gregorii
289 2985 415 3048 Scribas
432 3009 491 3070 pro
513 2988 615 3052 Pharis
629 2989 778 3071 praefert,
800 2989 887 3050 cuius
901 2989 1122 3070 praefecturam
1139 2987 1269 3052 habebat

118 3070 221 3131 Guido
242 3072 437 3150 Lucinianus,
458 3075 512 3154 qui
533 3075 573 3135 ad
588 3074 749 3136 Armenias
775 3094 902 3158 regnum
923 3073 1141 3155 capessendum
1162 3093 1269 3136 evoca·

115 3165 185 3231 tus,
206 3175 273 3216 eam
287 3177 383 3238 nuper
405 3159 580 3235 dimiserat,
602 3163 646 3220 uti
667 3170 770 3222 narrat
795 3161 957 3222 Gauianus.
974 3158 1027 3220 lib.
1047 3159 1101 3222 111.
1124 3179 1191 3240 oop.
1214 3159 1268 3228 49.

114 3261 249 3304 nnoano.

204 3347 278 3426 Peg.
299 3348 380 3421 648,
402 3351 434 3412 7.
476 3339 626 3431 lipsiae
647 3346 784 3433 Πέρσης]
807 3347 968 3409 Cantacna.
988 3345 1040 3406 lib.
1055 3345 1108 3409 Ill.
1129 3368 1199 3430 cap.
1218 3347 1269 3414 56.

114 3447 186 3513 pag.
205 3431 277 3497 640.
320 3452 453 3490 nocam.

206 3519 277 3597 Peg.
301 3516 443 3588 652,13.
475 3514 631 3597 Μανοαήλ
644 3490 927 3599 δ’Ταρχανειοὶτης]
955 3517 1270 3602 cognomentoKovp-
1396 3523 1403 3538 ⁹

114 3600 211 3680 τίκης.
256 3603 417 3664 Cantscna.
433 3601 487 3664 lib.
501 3602 553 3660 lll.
570 3622 638 3684 cap.
659 3608 710 3668 10.
722 3606 773 3668 32.
787 3608 837 3668 70.
880 3613 1014 3663 oncino.

203 3683 281 3767 1³⁰3·
304 3688 384 3761 663,
406 3692 455 3752 19.
497 3681 566 3749 ton
586 3686 644 3767 τὴν
658 3683 750 3750 πόλιν
767 3688 914 3770 Ecdicio]
944 3667 1065 3749 De'hac
1085 3685 1179 3748 altera
1203 3687 1271 3748 Ser.
1323 3652 1333 3720 '-

114 3768 241 3831 rherum
265 3770 317 3829 vel
335 3770 500 3832 Pher-arum
520 3782 637 3833 tentata
656 3773 812 3834 obsidione
832 3773 918 3850 silet,
941 3775 1066 3856 opinor,
1089 3773 1269 3834 Cantacuze.

201 3943 281 4022 Peg·
304 3941 455 4018 658,16.
498 3935 666 4023 Ὀψὸμενὸς
687 3965 719 4006 τε
746 3940 799 4005 nol
826 3938 1061 4027 ὄφθησὸμενος]
1098 3943 1276 4021 Legendum·

114 4017 261 4111 W?
279 4047 312 4089 ἵε
325 4026 379 4088 ml
398 4021 616 4113 ὄφθησομένρ).
632 4027 791 4108 ¹illioquin
805 4041 884 4092 esset
898 4033 1110 4092 Soloecismus.
1132 4047 1248 4088 aowin.

202 4126 280 4210 Peg.
302 4125 385 4206 654,
404 4133 435 4194 2.
479 4128 583 4212 Μέχρι
595 4127 648 4194 καὶ
663 4129 695 4204 ἐς
708 4124 802 4194 πόλιν
816 4131 1062 4220 Σαραυμμίτζαν]
1086 4131 1172 4207 Quae
1188 4130 1270 4204 urbs,

150 4277 181 4347 ³)
198 4277 272 4333 Nota
289 4277 342 4334 liat
358 4278 388 4333 io
404 4279 477 4352 apud
493 4279 633 4338 Triballoi.
669 4297 773 4338 aorem.
