3067 4792
379 280 616 353 HISTORiAE
636 276 917 348 ΒῩΖΑΝΤῙΝΔΕ
934 275 1010 345 XV.
1033 288 1064 350 7.
1198 268 1273 344 771

168 444 224 530 τὴν
235 444 352 529 ἐκείνην
367 444 425 531 τὴν
447 444 619 531 ίγειειμίνην
634 445 674 531 τῇ
693 447 801 530 γραφῇ
816 438 966 523 διασώζει.
1009 440 1080 532 (Ζ)
1099 438 1218 530 Ὥσπερ
1238 443 1272 510 δ’
1283 456 1313 506 Δ.
1324 456 1356 507 c.
1371 452 1439 509 1³47

167 546 203 615 nri
216 544 298 613 πάνυ
312 572 360 614 τοι
375 546 485 639 ῥᾴδιον
497 545 572 613 είναι
587 550 672 613 δοκεῖ
687 542 845 611 δύνασθαι
859 551 996 635 συνορᾷν
1008 545 1160 632 ἀσφαλῶς
1173 547 1211 613 τὸ
1226 526 1440 649 δίςιωὴἑεξῗέῐ*

167 676 271 733 ααιον,
297 650 329 716 εί
337 676 385 729 τις
400 654 432 717 ἓν
446 652 543 735 λιμένι
557 652 608 715 καὶ
630 646 748 736 γαλήνῃ
761 646 941 733 καθήμενος
961 645 1062 733 ἡσυχῆ
1086 656 1150 717 τῶν
1169 652 1203 717 έν
1219 660 1374 719 πε-Ρ.484

166 752 250 839 λάγει
265 750 381 837 νάμασι
398 757 449 821 καὶ
462 751 613 839 πνεάμασι
626 749 986 838 προσταλαιπωροάντων
1002 752 1120 836 ἀγρίοις
1131 753 1207 829 τούς
1217 749 1277 819 πά-

139 864 239 933 aroer
256 854 403 938 ἐξετάζειν
426 858 548 937 ἐθέλοι,
574 855 646 923 orid'
672 847 713 919 αὖ
735 854 771 921 τὸ
785 856 889 936 βίαιον
902 860 959 921 τοῖν
972 858 1128 942 χειμερίου
1140 854 1276 939 γαίχαυς,

167 959 198 1025 ei'
204 984 252 1035 τις
267 958 335 1051 ὥρα
347 961 464 1048 θέρους
477 957 621 1044 ,indicere
643 958 753 1045 κρίνειν
767 953 875 1024 άνιυῖον
889 959 942 1023 καλ
965 955 1058 1023 ὅσον·
1086 956 1168 1025 οὕτω
1183 961 1236 1025 καλ
1250 960 1282 1025 εί

166 1085 212 1138 τις
231 1061 360 1149 ἀγώνοιν
382 1060 532 1131 τοιούτων
555 1062 679 1149 ἀπειρος
698 1059 760 1141 ὢν,
784 1058 881 1127 ἔπειτ’
897 1061 930 1137 ἐξ
947 1056 1079 1145 ἡσυχίας
1098 1058 1278 1148 ὁρμώμενος

166 1168 258 1253 κρίνει
270 1165 346 1241 τούς
360 1166 458 1252 ἀγῶσι
472 1176 605 1251 μακροῖς
621 1166 834 1239 ίναθλοῦντας
845 1159 924 1252 ὖπέρ
936 1169 993 1249 τῆς
1007 1164 1167 1247 ἀληθείας.
1194 1164 1304 1252 πρά-Β

43 1256 52 1271 “
162 1292 266 1354 χειρον
278 1268 339 1356 γάρ
360 1268 419 1354 ἕχει
434 1270 513 1357 πρὸς
527 1270 684 1355 λοιδορίας
706 1266 763 1351 τὴν
783 1272 941 1353 γλῶτταν,
965 1264 1014 1332 ὅτι
1028 1268 1074 1352 μὴ
1094 1268 1216 1334 πέπεικέ
1227 1294 1276 1347 τις

123 1374 249 1459 λοδρῶν
270 1375 322 1437 καλ
342 1373 455 1457 λέγων,
478 1372 561 1457 μηδὲ
583 1372 619 1437 τὸ
640 1376 702 1437 πᾶν
715 1376 773 1455 τῆς
786 1371 871 1454 νίκης
892 1369 1098 1457 ἐξείργασται·
1123 1370 1203 1458 πρὸς
1216 1371 1275 1457 τὴν

165 1479 329 1561 παροῦσαν
351 1471 483 1560 ἡσυχίαν
506 1478 557 1541 καὶ
582 1474 619 1557 αὖ
643 1473 722 1561 πρὸς
745 1473 804 1558 τὴν
817 1469 887 1563 τότε
899 1474 972 1556 βίαν
985 1480 1193 1561 παραμετρῶν
1207 1480 1274 1543 τῶν

165 1574 358 1664 πραγμάτων
380 1582 430 1643 καί
453 1574 553 1664 λέγων
569 1577 608 1643 τά
623 1578 716 1661 τέλη,
746 1572 790 1653 ὦς
803 1574 914 1641 έοαιεν·
941 1575 999 1643 erin
1012 1578 1122 1643 εἰδέναι
1139 1575 1273 1661 δυνάμε-

165 1704 218 1757 νος
225 1729 237 1761 ,
262 1676 307 1757 ὥς
320 1680 356 1746 ori
375 1680 432 1767 τὴν
447 1680 545 1766 αὐτὴν
558 1680 617 1765 ’ἔχει
630 1678 717 1758 τάξιν
729 1682 782 1745 καί
797 1676 929 1763 δύναμιν
943 1674 1063 1765 ἀγῶνος
1078 1683 1129 1744 καὶ
1142 1677 1272 1764 ἡσυχίας

165 1782 290 1869 καιρὸς,
315 1786 366 1849 καὶ
383 1791 535 1868 χειμῶνος
556 1786 608 1849 καί
628 1783 759 1869 θέρους,
788 1784 840 1846 καὶ
859 1779 938 1871 πρός
959 1808 992 1867 γε
1014 1781 1057 1849 ίτι
1079 1782 1200 1867 λιμένος
1218 1786 1300 1855 καίο

122 1889 345 1953 mormorion
367 1884 533 1965 κλύδωνος.
560 1885 690 1973 εὔδηλον
709 1886 770 1973 γάρ
793 1882 894 1969 ἀὴπου
909 1896 975 1962 τοῖς
994 1882 1096 1966 ὅλοις,
1123 1882 1167 1963 ὥς
1183 1886 1271 1970 ἀμει-

162 1990 298 2075 βομένης
322 1996 379 2077 τῆς
403 1996 467 2057 τῶν
488 1986 617 2076 ἀγάνων
646 1988 730 2078 ὥρας
755 2000 983 2075 συναναιρεῖται
1000 1992 1052 2055 καὶ
1072 1985 1094 2074 ἡ
1118 1996 1176 2075 τῆς
1191 1990 1271 2055 ἀπο-
1320 2048 1325 2056 ,

161 2088 286 2177 βάσεως
315 2094 446 2180 ἀκριβὴς
467 2097 626 2182 μαρτυρία
649 2096 700 2159 καί
723 2092 761 2159 τὸ
781 2096 939 2179 προσῆκον
961 2103 1027 2169 τοῖς
1048 2090 1208 2179 πράγμασι
1221 2093 1271 2159 θί-

163 2222 261 2263 ααιον.
291 2192 308 2263 ὃ
325 2197 358 2262 d'
377 2193 472 2273 αὐτός
482 2222 537 2279 μοι
553 2198 702 2263 δοκεῖκαὶ
716 2194 753 2262 τὸ
769 2201 1004 2283 περαιοῦσθαι
1017 2195 1092 2272 τούς
1103 2193 1200 2263 πάλαι
1213 2202 1272 2281 τῆς

163 2298 315 2385 ἀληθείας
327 2297 491 2389 μάρτυρας
505 2298 658 2388 ἀναιρεῖν,
683 2296 730 2365 ὅτι
748 2294 851 2365 πάντα
866 2298 922 2363 τὸν
933 2304 992 2383 τὴς
1015 2296 1180 2385 ἀθλήσεως
1194 2296 1271 2365 ἀνά-

119 2409 277 2481 mennae
306 2405 434 2469 δίαυλον
457 2402 527 2469 oin
551 2404 709 2469 πεπείκασι
736 2402 811 2479 rode
833 2399 1021 2487 τυράννους,
1046 2400 1118 2467 odra
1140 2402 1185 2487 μὴ
1204 2404 1272 2469 πεί·

161 2528 274 2583 σαντες
291 2505 349 2572 οὖν
362 2506 479 2573 ἀνεῖλον
494 2507 551 2585 τὰς
565 2512 654 2595 σφῶν
667 2504 820 2594 κεφαλάς,
837 2504 911 2571 nidd
924 2512 981 2570 τοῦ
995 2502 1150 2593 παρόντος
1161 2507 1301 2589 βιαίωςῖ)

163 2607 325 2696 ίξὴνιγκαν
340 2611 423 2694 βίου.
450 2608 620 2677 τούτωνδ’
638 2607 738 2686 οὕτως
752 2604 895 2694 ἐχόντων,
919 2606 1031 2675 αι’ίκσυν
1046 2607 1119 2673 οὐδ’
1137 2609 1190 2692 ἐμὲ
1205 2614 1272 2675 λοι-

164 2714 280 2801 δορίας
297 2708 476 2779 ὕπεάθυνον
502 2710 646 2798 ἡγεῖσθαι
668 2714 802 2794 δίκαιον,
835 2709 883 2777 ὅτι
907 2716 1011 2788 καλῶς
1038 2711 1130 2777 εἰπάν
1159 2710 1272 2796 ἡκιστα

231 2854 258 2913 4.
274 2852 381 2928 νάμασι
396 2856 471 2912 nen.
487 2873 535 2929 pro
551 2852 693 2929 κυμάτων.

162 2978 244 3049 ipram
266 2977 396 3042 retinent,
414 2994 481 3047 quae
499 2975 740 3047 Scriptureeiueat
782 2975 871 3045 (VII.)
889 2973 1105 3041 Quemadmodum
1119 2980 1271 3043 autemnon

162 3049 265 3105 omnino
276 3047 382 3100 ridetur
393 3046 437 3099 ille
448 3062 536 3099 eanum
549 3047 636 3101 iacere
648 3064 725 3117 poeae
737 3045 867 3110 iudicium,
920 3045 939 3110 i,
954 3062 1010 3098 cram
1021 3046 1048 3097 in
1062 3052 1140 3114 portu
1152 3062 1185 3099 ac
1198 3050 1271 3099 uan-

163 3118 294 3241 puillitate
316 3116 375 3187 ipae
394 3116 495 3185 placide
513 3116 619 3179 redeat,
641 3132 727 3168 eorurn
743 3116 846 3168 labores
860 3062 925 3168 vdit
941 3116 1101 3183 expendere,
1119 3114 1164 3184 qui
1183 3114 1271 3185 pelugi

184 3204 200 3238 u
228 3186 285 3239 'bue
302 3196 330 3238 et
349 3184 505 3238 ιεανὶιείπιίτ
518 3184 603 3237 tantia
615 3186 815 3249 conflictentur,
833 3200 880 3238 nec
894 3184 927 3237 de
943 3182 1043 3237 hiberni
1062 3184 1168 3253 trigoria
1185 3185 1230 3249 vi,
1246 3184 1271 3236 ia

164 3256 210 3327 qui
223 3255 306 3317 velit,
324 3271 391 3323 quae
409 3258 437 3307 et
453 3260 551 3324 quanta
566 3253 615 3317 ait,
634 3254 735 3306 aeetivo
750 3259 865 3323 tempora
880 3252 1014 3317 iudicare3
1030 3254 1069 3306 ita
1083 3269 1132 3306 nec
1147 3252 1207 3317 ille,
1225 3252 1272 3322 qui

163 3324 290 3378 eiusmodi
309 3322 472 3375 certaminum
490 3340 582 3393 expers
602 3323 713 3375 antehac
730 3338 763 3375 ex
782 3323 839 3392 ipae
852 3338 912 3375 mox
926 3322 1121 3391 tranquillitatis
1138 3321 1195 3374 aine
1210 3338 1272 3391 pro·

163 3394 236 3457 dcat,
252 3390 416 3445 iudicaturus
430 3391 463 3445 de
476 3392 519 3455 iia,
537 3390 582 3461 qui
595 3392 698 3444 laboret
710 3407 757 3461 pro
773 3394 885 3445 veritate
900 3390 1021 3445 maximoe
1034 3389 1196 3461 pertulerint
1219 3391 1273 3444 rut

153 3462 232 3517 'carim
244 3460 316 3515 illine
330 3459 418 3529 lingua
430 3461 463 3513 ad
478 3460 661 3514 criminandum
674 3478 768 3531 prona,
786 3478 818 3514 co
837 3460 908 3531 qued
925 3460 1026 3529 agendo
1045 3460 1206 3529 dicendoque
1219 3476 1272 3513 non

162 3530 347 3603 pertuaaeria,
371 3546 419 3582 uec
437 3530 538 3599 plenem
556 3528 689 3585 victoriam
710 3530 895 3615 reportaveris.
931 3529 1057 3582 Nimirum
1078 3528 1123 3581 illa
1138 3528 1273 3596 praetenti

163 3599 369 3669 tranquillitate,
387 3614 437 3651 non
449 3599 550 3652 illerunr
562 3606 704 3669 temporum
717 3599 868 3669 iruqnitate,
885 3598 1011 3651 tactorum
1024 3598 1202 3667 dictorumque
1215 3596 1272 3650 exi·

163 3676 207 3723 tue
220 3669 343 3731 metitum
360 3684 408 3719 nac
427 3674 515 3736 potest
532 3666 695 3737 intelligere,
712 3684 762 3721 non
776 3668 882 3720 eandem
897 3684 956 3720 aare
968 3668 1093 3721 rationem
1107 3674 1135 3718 et
1147 3672 1274 3735 oppertu-

164 3737 271 3791 uitatcm
285 3736 432 3791 certaminis
445 3747 472 3789 et
486 3737 604 3806 placidae
617 3736 722 3807 quintia,
741 3736 832 3790 lriearia
844 3745 870 3789 et
885 3737 1000 3799 aeamtia,
1016 3744 1107 3808 portua
1121 3736 1232 3806 denique
1246 3739 1274 3788 et

164 3805 334 3860 merientium
354 3804 441 3875 pelagi
460 3807 592 3859 nanuum.
635 3805 772 3859 linituram
789 3822 896 3875 proraue
915 3807 1074 3859 menifestum
1094 3809 1149 3871 eat,
1174 3810 1275 3858 mutato

165 3874 357 3929 contentionum
371 3882 500 3943 tempore,
517 3875 619 3927 incorru
667 3890 691 3928 nt
705 3892 808 3945 quoque
824 3874 857 3927 de
869 3884 966 3928 aventu
983 3874 1156 3928 teatimoniuru
1168 3880 1196 3927 et
1210 3890 1274 3926 con·

166 3945 273 3998 varient
287 3944 366 3997 rebua
382 3944 503 3997 iudicium
516 3944 581 3997 tolli.
629 3945 685 3997 darn
700 3952 772 3997 carte
784 3944 829 4011 (ut
839 3944 902 3997 milri
915 3944 1032 4013 ridetur)
1044 3944 1096 3996 illia
1106 3942 1275 4013 martyribua,

165 4012 212 4083 qui
230 4012 352 4068 verimi·
369 4013 541 4066 testimonium
560 4012 618 4066 olim
652 4013 835 4077 erlribuerunt,
852 4029 971 4066 coronam
985 4030 1015 4066 eo
1029 4012 1185 4076 detraxerit,
1220 4011 1274 4065 nod

165 4098 221 4135 aum
237 4082 257 4135 ii
276 4090 360 4135 totum
379 4082 519 4152 patientiae
535 4030 688 4135 curricudunr
704 4084 893 4144 consonarent,
910 4098 959 4137 nec
975 4088 1100 4152 tyranno·
1114 4080 1150 4133 ad
1165 4097 1194 4133 cr
1227 4096 1275 4132 en-

163 4148 222 4205 dum
238 4150 421 4221 compulerint,
439 4168 487 4205 nec
501 4150 536 4204 iia
552 4152 691 4205 inmedulie
707 4160 790 4221 ceput
803 4150 991 4221 praeciderint,
1008 4168 1058 4205 nee
1067 4150 1148 4204 ritem
1159 4148 1274 4202 violento

162 4218 219 4272 iate
233 4220 385 4274 ademmiut.
419 4220 494 4274 Haec
506 4238 565 4274 cnm
583 4221 624 4274 ite
641 4239 670 4275 ae
687 4221 816 4284 habeant,
830 4236 880 4273 nec
895 4238 936 4274 me
952 4238 1061 4291 aequum
1075 4226 1118 4273 eat
1132 4217 1274 4288 reprelrear-

163 4288 237 4345 tione
254 4290 363 4361 (λὶςαωυ
377 4288 480 4357 rideri,
497 4290 566 4363 quod
583 4306 651 4363 quaa
672 4297 746 4347 reete
759 4290 887 4357 duent,
904 4304 937 4345 ea
954 4289 1009 4360 illi,
1032 4304 1100 4361 quae
1117 4284 1273 4343 mentun
