3067 4792
335 276 578 369 aaronita
600 296 881 367 οεοοαταοα
898 294 990 366 xm.
1006 304 1055 369 ιο.
1174 286 1250 360 ωε

140 453 193 547 ἧκε
205 463 286 547 μετὰ
298 464 404 551 βραχύ
420 465 472 531 καί
486 461 503 531 δ
518 462 664 545 βασιλεύς
678 462 712 527 ἐκ
726 459 889 549 Βερροίας,
907 466 971 529 τῶν
985 462 1050 527 ixei·
1058 456 1250 552 πραγμάτιον
1267 470 1336 525 bc.
1348 464 1419 525 1³⁴3

139 568 305 654 ἐπίτροπον
326 566 382 633 τόν
399 567 467 635 sido
489 566 717 642 καταλελοιπώς
737 562 915 649 Μαναυῆλ·
943 562 979 641 ὃς
996 563 1068 652 ἄρτι
1082 563 1164 631 καθ’
1179 542 1416 663 ›olis-hfflffi*

139 670 207 735 ιιίαν
220 669 276 737 τόν
290 670 411 757 ἔφηβον
434 668 679 757 παραλλάττων,
708 670 758 733 καί
779 664 876 752 μῆπω
893 670 973 751 μηδὲ
988 666 1042 734 τόν
1056 674 1181 755 πρῶτον
1194 667 1281 734 sis-c

17 774 18 867 l
139 770 246 857 δῆσας
260 774 368 839 ἴουλον
383 774 416 838 ἐν
430 784 500 851 ταῖς
513 784 670 859 παρειαῖς,
695 770 903 859 πρεσβυτικὴν
919 773 952 837 ἓν
963 777 1003 858 τῆ
1018 778 1107 859 ψυχῇ
1121 770 1178 855 τὴν
1192 770 1254 839 σύ·

17 912 19 965 γ
116 892 222 947 5νεσιν
245 875 354 957 ἔβοσκε
378 878 430 941 καί
456 876 522 959 ἄμα
547 882 592 965 τῷ
608 877 703 961 πατρὶ
718 874 798 961 πρὸς
812 884 881 950 ταῖς
895 870 1070 961 ύπερορίοις
1091 876 1143 940 καὶ
1157 870 1262 947 δυσί-Δ

140 984 233 1064 θροις
258 980 510 1067 στρατοπεδείαις
539 978 647 1065 μακρδ
677 973 964 1064 σνγκακοπαθῆσας
997 977 1077 1064 πρὸς
1104 977 1348 1065 λυμπρᾶνῊίι

140 1088 196 1165 τῆς
208 1088 419 1169 στρατηγικῆς
433 1083 588 1171 ἐμπειρίας
600 1078 807 1169 γεγύμνασται
821 1079 970 1164 ἄσκησιν·
995 1083 1048 1147 καλ
1060 1079 1107 1147 δι’
1129 1078 1207 1147 adad
1220 1081 1257 1167 γί

139 1210 188 1249 τοι
204 1186 295 1251 τουτί
310 1184 369 1270 τῆν
386 1192 444 1269 τῆς
466 1183 613 1270 τοιαύτης
629 1182 746 1261 πόλεως
762 1181 779 1251 d
793 1183 942 1267 βασιλεύς
953 1174 1015 1249 καί
1025 1183 1128 1272 πατῆρ
1147 1185 1253 1249 lusur-

139 1286 260 1353 στεύκει
275 1287 445 1374 ἐπιτροπὴν
451 1338 462 1371 ,
489 1288 511 1373 ῆ
526 1291 635 1373 κρηπίς
647 1290 698 1354 καὶ
712 1288 782 1374 ῥίζα
795 1287 873 1363 τίως
886 1286 972 1375 αύτῷ
989 1292 1047 1371 τῆς
1060 1288 1095 1353 ἐκ
1108 1293 1172 1354 τῶν
1183 1296 1281 1371 χει-Ι)

102 1387 241 1473 ιορόνιον
264 1392 297 1467 ἔς
320 1391 379 1467 τὰς
401 1394 543 1473 βελτίους
561 1389 657 1475 τύχας
677 1391 811 1474 κατέστη
832 1395 1025 1479 μεταβολῆς,
1048 1388 1131 1457 ούτω
1144 1393 1251 1459 τοίνυν

137 1494 244 1565 diddo
255 1495 290 1559 ἓν
305 1494 460 1582 Βερῥοίας
475 1492 492 1562 d
506 1494 669 1579 βασιλεύς,
699 1496 751 1559 καί
765 1492 847 1581 ἄμφί
860 1493 937 1569 τούς
950 1500 1007 1577 τῆς
1023 1496 1254 1580 Θεσσαλονίκης

137 1596 254 1683 ἀγρούς
287 1605 333 1686 τῷ
358 1603 416 1681 τῆς
435 1603 594 1685 Περσικῆς
624 1594 785 1679 δυνάμεως
804 1596 1009 1682 ἐντετυχηκὼς
1028 1594 1153 1683 ἡγεμόνι
1160 1647 1172 1679 ,
1199 1601 1253 1665 καί

138 1695 364 1783 ἀσπασάμενος
384 1700 425 1763 τὰ
440 1699 556 1782 εἰκότα,
580 1703 649 1789 περὶ
673 1707 737 1767 τῶν
759 1700 921 1785 πρακτίων
945 1700 1042 1789 ἄμφω
1066 1701 1148 1767 κατὰ
1168 1708 1254 1788 σφᾶς

136 1800 352 1884 ἐβουλεύοντο.
412 1806 480 1895 (Γ.)
508 1810 585 1881 Τοῖς
599 1828 634 1889 γε,
656 1802 720 1888 μὴν
740 1805 1015 1885 Θεσσαλονικεῦσι,
1042 1809 1150 1887 τειχῶν
1166 1803 1255 1880 ἐντός

100 1912 367 1992 ῶσαγκλεισδεῖσι
383 1908 462 1994 μετὰ
479 1913 543 1975 τῶν
559 1906 710 1990 ποιμνίων
722 1908 775 1971 sul
788 1909 972 1988 βουκολίων,
997 1905 1105 1985 αύτοῖς
1118 1932 1151 1974 τε
1166 1907 1253 1973 ἔστι·

137 2019 304 2095 νοχωρεῖτυ
326 2013 367 2075 τὰ
389 2008 545 2096 ίπιτῆδεια
569 2012 621 2075 καὶ
635 2020 702 2087 τοῖς
715 2006 837 2095 ἄλόγοις
855 2007 942 2091 ζώοις
960 2008 1048 2094 χιλδς
1072 2009 1129 2077 osis
1142 2002 1200 2095 ῆν·
1228 2010 1281 2076 tu

136 2111 177 2197 δὴ
201 2114 254 2177 καλ
275 2114 356 2179 καθ’
382 2112 501 2203 ἡμέραν
522 2113 603 2187 ἄλλα
616 2112 668 2179 ἐπ’
693 2111 958 2194 ἄλλοιςᾶπιπτον,
986 2116 1039 2179 καὶ
1052 2113 1090 2179 τό
1108 2114 1253 2181 ἐντεῦθεν

138 2217 278 2292 δυσῶδες
291 2228 393 2283 νοσεῖν
412 2215 616 2304 παρεσκεύαζε
630 2215 686 2283 τῶν
706 2215 800 2301 diuo·
826 2213 887 2304 ἄρ’
908 2207 952 2283 ὧν
964 2216 1254 2301 ἄχθομίνυιςσυνί-

135 2324 225 2399 dossa
253 2316 428 2401 στασιάζειν
452 2327 602 2407 λαμπρῶς
623 2328 688 2395 τοῖς
712 2320 862 2397 πολίταις.
896 2316 945 2397 οἷς
963 2321 1022 2404 μὲν
1049 2321 1110 2407 γὰρ
1132 2317 1254 2405 κτήσεις

100 2414 222 2505 ’δῆσαν
244 2420 363 2507 ἄγρῶν,
401 2422 563 2509 ἄχθεσθαι
592 2423 680 2507 ἐνῆν,
717 2428 781 2491 τῶν
803 2421 906 2510 ἄγρῶν
922 2423 1120 2511 δηουμίνων·
1152 2420 1200 2501 οἷς
1216 2423 1250 2489 δ’

137 2525 243 2610 ἀγίλαι
270 2529 439 2608 ποιμνίων,
473 2528 526 2595 καί
549 2521 636 2611 ζεύγη
658 2530 760 2607 βοῶν,
795 2528 848 2592 καί
871 2523 973 2593 ὁπόσα
984 2532 1049 2593 τῶν
1061 2523 1254 2613 ἀχθοφόρων

139 2624 243 2711 ζιύιαν,
274 2627 427 2705 ἀνιᾶσθαι
449 2630 608 2713 συνέβαινε
630 2629 684 2693 καί
702 2628 825 2709 αύτοῖς,
852 2627 934 2695 αύτύ
952 2654 987 2696 τε
1001 2629 1171 2713 θεωμένοις
1185 2633 1277 2715 οἰκῆες

138 2726 336 2817 φθειρόμενα
360 2736 412 2799 καί
448 2730 573 2819 ἀθρόας
608 2730 665 2807 τὰς
695 2730 749 2797 ἐπ’
776 2731 884 2809 αύτοῖς
906 2734 1033 2809 ἐλπίδας
1053 2728 1256 2817 θνησκούσας

138 2834 257 2902 αύτῶν.
284 2830 332 2911 οἷς
345 2838 365 2901 d
370 2835 381 2862 ³
399 2832 553 2921 ἡλικιῶτις
574 2826 614 2921 ῆν
633 2830 757 2917 ῆπενία
783 2836 836 2901 sol
856 2834 894 2903 τδ
907 2842 1034 2925 κοῦφον·
1051 2842 1110 2903 τοῦ
1125 2818 1199 2918 βίον
1216 2837 1255 2904 τὸ

207 3002 252 3057 to.
268 3000 423 3072 μεταβολῆς
438 2998 515 3055 Bois.
532 3016 581 3071 pro
597 2994 746 3070 μεταβολή.

138 3138 175 3191 sis
190 3139 247 3193 dux
264 3138 441 3201 substitisset,
458 3138 532 3193 venit
543 3136 577 3191 ad
592 3154 648 3192 eum
659 3137 737 3208 paulo
750 3140 851 3207 postet
864 3136 1005 3206 imperator
1017 3136 1152 3193 Berrboea
1161 3156 1253 3209 egres·

138 3226 191 3272 sus,
203 3209 327 3263 mandata
340 3208 456 3261 lllanuell
468 3208 522 3261 lilio
532 3224 619 3263 rerum
629 3207 859 3263 administratione.
882 3206 936 3270 Qui
949 3224 1006 3261 oum
1018 3213 1106 3263 aetate
1116 3208 1161 3261 vir
1171 3210 1252 3277 spba-

138 3278 198 3331 bum
216 3279 372 3337 excederet.
389 3294 438 3331 nee
453 3277 512 3330 dum
525 3276 608 3331 malae
622 3276 707 3347 prime
719 3274 841 3345 lanugine
853 3274 993 3339 florerent,
1009 3276 1115 3331 senilem
1128 3278 1157 3330 in
1169 3279 1254 3331 animo

138 3347 225 3401 olebst
237 3344 411 3416 prudentiam,
426 3353 454 3399 et
466 3346 541 3399 simul
553 3362 610 3399 oum
623 3353 698 3415 patre
711 3345 870 3415 longinquae
882 3361 915 3399 au
928 3345 1054 3399 subdialia
1066 3346 1175 3399 militiae
1187 3348 1255 3400 mala

136 3415 182 3469 diu
196 3432 339 3499 perpessus
353 3414 488 3484 praeclaro
508 3433 555 3469 usu
569 3414 602 3467 ad
614 3414 758 3485 imperandi
772 3414 936 3498 disciplinam
949 3415 1109 3469 exercitatus
1120 3422 1194 3479 erst3
1211 3423 1254 3469 st-

139 3502 188 3554 (με
200 3487 235 3539 ob
249 3486 277 3539 sd
292 3485 373 3555 ipsum
388 3483 413 3537 ei
426 3484 609 3554 imperaturae
624 3494 699 3555 pater
712 3483 783 3537 illius
794 3484 866 3537 urbm
878 3483 994 3553 regimen
1007 3483 1170 3549 oredidarst,
1205 3501 1255 3539 uso

139 3554 189 3623 ipsi
209 3556 338 3608 Ιιιατεααε
355 3553 546 3607 fundamentum
565 3570 596 3607 ao
612 3553 690 3607 radix
707 3554 796 3607 suast
813 3554 934 3607 tortuose
950 3553 979 3605 in
997 3552 1089 3607 melius
1106 3571 1149 3610 mu
1213 3572 1255 3609 uo.

139 3624 309 3693 turritaque
322 3622 383 3676 inde
397 3622 553 3677 excessisset
568 3623 717 3693 imperatur,
736 3628 764 3675 et
776 3622 848 3677 eirca
857 3621 1063 3676 Thessalonicae
1074 3640 1178 3693 oumpos
1188 3626 1258 3679 Per-

137 3692 185 3745 εἰεί
200 3692 335 3747 esesoitus
348 3693 440 3745 duoem
454 3692 616 3756 offendisset,
633 3708 743 3761 eumque
757 3699 787 3745 ut
798 3708 850 3829 par
863 3700 922 3745 erat
934 3692 1089 3758 salutasset,
1106 3694 1181 3746 ambo
1192 3692 1265 3763 quid,

137 3762 206 3817 tuoto
220 3778 289 3831 opus
306 3763 376 3815 soret
389 3762 457 3815 inter
470 3780 499 3815 se
513 3762 698 3815 deliberarunt.
734 3760 797 3828 (ill.
830 3760 1080 3815 Thessalonicenses
1093 3768 1190 3826 suum,
1199 3780 1257 3817 cum

136 3831 263 3901 gregibus
282 3839 361 3901 atque
376 3831 499 3885 errantis
514 3830 585 3884 intra
597 3848 682 3884 muros
698 3830 828 3896 annolusi,
845 3838 872 3883 et
885 3829 937 3901 ipsi
949 3847 1036 3884 rerum
1053 3832 1266 3887 neoessarisrum

136 3900 247 3969 penuria
261 3898 423 3963 luborabunt,
442 3908 470 3953 et
481 3899 574 3953 bestiis
588 3900 688 3965 deerat,
703 3916 754 3969 quo
770 3900 911 3953 alerentur.
947 3900 1022 3962 Quae
1037 3918 1094 3954 oum
1107 3902 1258 3972 frequentes

136 3968 254 4038 quotidie
269 3969 405 4033 aderant,
422 3977 451 4023 et
467 3975 536 4035 teter
548 3968 610 4023 inde
624 3969 688 4023 odor
702 3973 787 4023 adrem
801 3968 971 4039 corrupisset,
984 3970 1046 4022 binc
1057 3971 1154 4025 laetum
1165 3981 1216 4036 est,
1227 3980 1257 4024 ut

137 4054 192 4091 cum
206 4038 235 4092 id
250 4039 324 4091 oivoe
338 4054 418 4107 segre
430 4038 544 4103 ferrent,
562 4048 656 4109 aperta
667 4038 762 4093 seditio
777 4039 898 4092 oriretur.
933 4039 1037 4103 Quibus
1050 4038 1117 4093 enim
1128 4038 1184 4093 ruri
1195 4058 1257 4111 pos·

137 4107 266 4161 κτείνοιεν
279 4116 370 4172 erant,
386 4106 420 4159 iis
433 4124 512 4179 agros
525 4108 626 4161 vastari
643 4124 724 4177 grave
740 4115 806 4162 erat.
840 4108 895 4161 Sed
909 4114 937 4160 et
950 4107 996 4177 qui
1010 4110 1138 4177 pecudum
1151 4126 1257 4191 greges,

137 4186 164 4229 et
176 4176 349 4247 borninga,
366 4182 395 4229 et
407 4176 520 4231 iumenta
537 4176 589 4231 alis
602 4176 734 4247 quaelibet
745 4178 893 4243 habebunt,
909 4176 929 4230 ii
944 4194 1049 4247 quoque
1065 4176 1183 4230 molestus
1197 4175 1257 4229 alli·

137 4246 290 4313 ciebantur,
308 4262 367 4300 oum
383 4246 524 4301 stillarum
538 4263 627 4301 rerum
641 4246 728 4301 iuuere
742 4248 877 4302 confusam
891 4251 1023 4316 stragem,
1039 4252 1068 4299 et
1080 4263 1142 4299 suus
1156 4246 1190 4299 de
1204 4245 1257 4298 illis

137 4330 195 4385 mas
210 4314 286 4393 simpl
299 4332 390 4373 amnes
401 4313 536 4373 intermori
552 4316 679 4373 viderant.
716 4315 819 4382 Quibus
832 4325 919 4373 sutem
932 4334 1029 4371 ooaoss
1042 4321 1186 4389 paupertas
1198 4312 1255 4369 ino·
