3067 4792
240 302 319 377 926
537 304 775 377 NICEPHORJ
792 304 1038 377 Gnssuontn

81 484 154 543 till.
165 484 234 541 6859
242 472 461 557 ἀποσχοίμεθα
468 520 479 553 ,
509 465 634 555 τάχιστ’
658 466 697 537 ἀν
719 467 779 555 τὴν
801 474 859 536 τοῦ
882 470 981 557 πνρδς
1002 470 1058 559 ἐφ’
1082 469 1214 551 ἓαντοδς
1233 467 1353 551 ἑκόντες

124 554 205 613 M*
243 574 424 660 δλκδσαιμεν
436 574 568 662 γίενναν.
595 563 633 639 οδ
645 574 680 639 τί
689 578 752 640 τάν
765 569 912 641 ἀπάνταν
924 578 1079 660 χείριστον
1086 606 1099 661 ,·
1114 580 1167 642 καί
1181 583 1244 644 τῶν
1257 576 1352 664 ἀργδ-

244 706 301 765 ρου
319 682 353 747 δδ
369 681 421 745 καλ
438 684 496 746 τοῦ
514 683 635 764 χρυσοῦ
649 676 865 761 μεταλλευτιῖιν
886 676 946 761 οάχ
969 675 1125 762 δμιλητῶν
1142 677 1270 766 ἡγεμόσι
1293 708 1352 746 κα-

242 783 440 868 θισταμίνων
446 830 457 863 ,
486 780 538 847 διδ
552 779 590 847 τδ
604 776 686 847 πάνο
700 806 749 847 τοι
761 779 1008 867 ἀγροικίζεσθαι,
1033 775 1165 869 τοάργον
1181 787 1251 869 περὶ
1265 787 1353 849 πλεί-

211 894 322 955 Εστου
344 883 468 962 τούτοις
486 886 686 953 καθίσταται.
720 887 772 949 καλ
794 882 976 970 ἁλουργίδες
991 885 1024 951 δ’
1048 884 1093 951 ἐτι
1114 888 1167 953 καί
1189 884 1375 975 πορφδραι5

239 988 388 1077 χρήσιμοι
403 998 471 1065 τοῖς
490 988 670 1068 βασιλεῦσίν
688 988 781 1054 είσιν·
808 987 881 1053 ἀλλ’
899 987 973 1055 οάδέ
990 995 1105 1075 μικρᾶς
1120 997 1197 1076 γοῦν
1217 1016 1302 1067 τινος
1321 990 1352 1056 ολ

244 1098 380 1181 δρῶντες
398 1092 477 1169 θέας
498 1092 619 1157 ἐκείνων
636 1090 712 1166 ἴσως
730 1087 936 1177 τυγχάνουσιν
953 1082 1057 1174 οὗτοι,
1086 1092 1161 1158 ἀλλ’
1184 1095 1280 1159 ἐνίοτε
1301 1096 1355 1159 καί

239 1194 407 1281 Ιμισοῦνται
433 1194 485 1261 διά
505 1192 542 1260 τδ
561 1198 619 1279 τῆς
640 1194 758 1260 ἐκεῖθεν
772 1193 884 1279 ἀηδίας
898 1191 1030 1275 ἀπόζειν.
1058 1194 1172 1263 οὔκουν
1185 1196 1257 1263 οὔτ’
1276 1199 1354 1263 ἐκεῖ·

244 1324 299 1367 νον
309 1298 372 1385 ἀρα
389 1303 447 1383 τῆς
461 1297 604 1381 ἀληθοῦς
619 1293 728 1383 ἀπάγιι
742 1301 929 1383 κατηγορίας
942 1298 984 1363 τά
994 1305 1051 1383 τῆς
1068 1303 1256 1385 θρησκείας,
1280 1299 1354 1365 οὔτε

160 1422 163 1429 ’
244 1409 290 1493 τῷ
312 1406 456 1491 Παλαμᾷ
478 1406 616 1485 βοηθεῖ,
641 1400 700 1485 οὐχ
725 1400 782 1479 inlr
805 1399 844 1466 ἀν
862 1398 1019 1468 ἀλίσκοιτο
1039 1400 1163 1479 τούτοις
1183 1410 1355 1503 πρρφανῶς
1364 1419 1398 1472 10

244 1516 311 1582 τοῖς
327 1501 521 1591 ἐγκλήμασιν.
543 1500 657 1569 Ἕκεῖνδ
674 1528 707 1591 γε
723 1504 788 1588 μὴν
809 1504 937 1591 ἐροίμην
952 1503 992 1570 ἀν
1004 1502 1105 1589 ἡδίιος
1124 1530 1174 1587 σε,
1203 1514 1271 1583 πῶς
1290 1512 1355 1573 τῶν

215 1606 372 1696 δ’ίιυιίννη
387 1613 432 1697 τῷ
446 1604 623 1694 πατριδρχη
636 1607 837 1694 γραφέντων,
863 1610 937 1694 περί
951 1633 984 1673 τε
998 1614 1060 1675 τῶν
1075 1616 1131 1674 τοῦ
1144 1614 1289 1693 Παλαμά
1303 1612 1356 1675 καλ

245 1710 404 1799 Βαρλοάμ
425 1712 476 1775 καλ
499 1717 557 1795 τῆς
578 1713 739 1795 ἐκκλησίας
759 1708 926 1795 θορύβων,
953 1710 994 1777 ui
1007 1713 1065 1795 μὲν
1080 1710 1197 1799 ἀρεστά
1211 1738 1261 1778 σοι
1275 1714 1355 1799 γίνε-

245 1842 315 1897 ται,
341 1814 381 1880 τὰ
404 1812 436 1879 δ’
461 1811 520 1895 οδ,
546 1810 671 1901 πρός-γε
686 1813 723 1878 τδ
745 1820 792 1902 τῷ
806 1818 950 1903 Παλαμᾷ
967 1811 1158 1897 βουλόμενον
1172 1814 1361 1882 ἀνθίλκοντί

243 1943 279 1986 τε
295 1921 346 1984 καί
356 1916 540 2001 μεθέλκοντι
553 1915 631 2000 μετὰ
645 1921 763 1999 πολλῆς
776 1923 834 1999 τῆς
845 1916 974 2001 ἀρχικῆς
986 1918 1129 1995 ἐξουσίας
1141 1920 1200 1995 τὰς
1212 1916 1351 2007 ψήφους.
1363 1934 1398 1989 15

245 2019 267 2107 ἢ
283 2020 344 2109 γὰρ
360 2018 459 2086 ἅπασι
481 2018 615 2107 στίργειν
630 2016 733 2102 χρεῶν
749 2029 816 2095 τοῖς
832 2020 934 2109 ἐκείνφ
956 2018 1212 2107 πατριαρχεάοντι
1233 2048 1355 2107 πεπρα-

244 2124 367 2213 γμίνσις
380 2118 460 2188 κατά
478 2146 512 2207 γε
527 2121 602 2197 τοὺς
615 2128 669 2205 τῆς
684 2121 847 2205 ἐκκλησίας
858 2122 1012 2205 θεσμοὺς,
1031 2123 1166 2208 ἢμηδέν
1178 2132 1242 2192 τῶν
1253 2121 1355 2193 ἀπάν-

244 2252 318 2294 τιον.
346 2226 426 2292 ἀλλά
441 2231 500 2291 τοῦ
513 2220 639 2311 πρώτου
654 2230 844 2311 κρατοῦντος
851 2273 863 2305 ,
880 2224 989 2311 χώραν
1003 2226 1062 2293 οάκ
1075 2226 1134 2311 ἐχει
1148 2227 1186 2293 τδ
1201 2225 1352 2316 δεάτερον.

133 2337 165 2396 Ρ.
180 2339 232 2397 588
250 2332 292 2397 Et
317 2330 351 2397 δέ
373 2329 617 2416 δεῒμερίσαντας
638 2323 721 2411 ἡμᾶς
737 2330 781 2403 εἰς
798 2324 856 2393 δδο
872 2328 1001 2418 τάκείνιμ
1023 2332 1208 2417 πραχθίντα
1229 2336 1302 2416 περί
1320 2358 1353 2415 γε

245 2444 311 2500 τοῖν
325 2436 412 2499 δνοῖν
426 2429 549 2498 τούτοιν
570 2429 698 2515 ἀνδροῖν
717 2426 852 2519 ἐκατέρῳ
873 2428 1004 2517 ἕκάτερα
1026 2435 1153 2516 δοῦναι,
1179 2441 1226 2526 τῷ
1239 2438 1297 2519 μίν
1312 2436 1398 2507 τάκο

245 2542 375 2623 πρῶτα,
401 2540 448 2625 τῷ
469 2533 564 2600 δὲτὰ
588 2530 735 2621 δεύτερα,
761 2533 908 2599 σκεπτέον
929 2534 1072 2619 ποτίροις
1090 2543 1149 2621 τῆς
1170 2540 1299 2621 κρίσεως
1319 2538 1355 2605 αἱ

244 2642 387 2724 βελτίους
405 2638 535 2721 ἤγοντοι
555 2644 670 2725 ψῆφοι.
707 2635 754 2702 ἀελ
774 2636 834 2723 γὰρ
850 2628 890 2720 ἦν
909 2636 1103 2725 πατριάρχης
1124 2640 1237 2718 ἐκεῖνος
1243 2690 1253 2721 ,
1281 2642 1353 2728 ἀχρι

244 2736 284 2830 ἦς
297 2740 416 2829 ἡμέρας
432 2741 466 2807 αλ
479 2740 572 2826 μίσαι
590 2742 727 2829 φυλακαί
744 2746 803 2825 τῆς
821 2739 933 2818 ννκτδς
953 2744 1085 2828 ἐγκρατῆ
1100 2746 1275 2823 Βυζαντίον
1296 2773 1355 2810 κα-

244 2843 397 2931 τίστησάν
411 2870 462 2927 σε,
488 2844 587 2933 ἱερέας
605 2869 639 2911 τε
650 2849 838 2933 χειροτονῶν
855 2846 907 2909 καί
928 2841 1113 2923 ἐπισκόπους
1130 2849 1185 2913 καί
1203 2845 1262 2925 τὰς
1290 2855 1353 2915 τιῖιν

200 3052 208 3066 .
245 3026 345 3073 renue,
361 3026 446 3063 rerum
460 3008 570 3062 omnium
590 3014 721 3062 auctorem
738 3007 822 3063 Deum
843 3024 920 3061 unum
941 3006 1140 3075 cantitentibnr,
1157 3010 1246 3064 atatim
1261 3010 1289 3064 in
1306 3028 1353 3065 nce

246 3081 389 3150 gehennam
402 3077 471 3147 ignis
487 3078 555 3131 nitro
568 3076 619 3147 ipei
630 3078 810 3129 traheremus:
831 3094 884 3145 qno
901 3075 964 3145 quid
974 3077 1056 3197 φοίοι
1067 3094 1178 3147 unquam
1190 3082 1291 3134 fueriti
1306 3082 1354 3134 Sic

245 3164 390 3219 quanquam
404 3146 461 3199 auri
479 3154 505 3198 et
523 3145 624 3213 argenti
637 3146 768 3210 icmorea,
782 3162 814 3199 ec
833 3144 902 3214 qaod
917 3162 1018 3198 emuna
1031 3157 1150 3216 agresta
1162 3159 1238 3214 eunt,
1255 3150 1354 3220 princi-

246 3216 323 3287 pibus
334 3216 473 3270 familiares
485 3230 536 3269 non
548 3214 628 3278 liant,
645 3214 778 3267 tamenab
792 3214 833 3267 hia
849 3214 949 3267 illorum
964 3214 1094 3285 opificium
1113 3217 1217 3287 plurimi
1232 3219 1354 3272 acetima·

245 3296 298 3339 tur.
332 3284 379 3338 Sic
391 3284 470 3337 etiam
483 3283 662 3353 conchyliatae
673 3290 761 3336 ναοῖσι
778 3291 806 3336 at
821 3300 953 3353 purpurae
965 3284 1043 3338 utilaa
1054 3286 1160 3355 regibne
1171 3294 1247 3340 rnnt=
1264 3305 1353 3341 carum

246 3372 309 3408 rcrc
322 3354 436 3409 artifice·
449 3353 459 3406 i
493 3352 502 3405 i
514 3351 614 3407 illorum
623 3350 746 3422 adspectu
759 3370 795 3405 ne
808 3352 911 3406 minimo
925 3352 1028 3423 quidem
1041 3355 1092 3408 frui
1105 3357 1200 3421 ecleut,
1213 3358 1288 3410 immo
1301 3358 1354 3411 illia

246 3440 424 3491 nonnunquam
440 3440 455 3475 ο
474 3422 590 3486 ineunt,
614 3438 646 3475 eo
678 3422 731 3475 und
746 3421 877 3491 ingratum
892 3422 995 3476 adorem
1017 3423 1079 3477 intle
1101 3426 1226 3479 referant.
1259 3428 1354 3495 ltaque

245 3493 376 3548 Barlaami
390 3500 464 3545 aecta
482 3508 530 3545 uec
548 3506 566 3545 a
580 3506 645 3544 vera
677 3489 768 3544 'nenda
791 3489 874 3561 iprum
889 3490 1020 3557 excluditr
1037 3510 1086 3547 nec
1099 3493 1245 3558 Palemam,
1262 3506 1354 3565 quam·

246 3562 292 3616 din
311 3563 400 3617 horum
411 3560 553 3615 criminum
569 3558 704 3613 manifecte
725 3558 909 3625 convincetur,
932 3568 1050 3615 excurat-
1083 3562 1220 3617 Caeterum
1238 3564 1303 3618 illud
1319 3582 1353 3618 ex

246 3637 275 3683 te
285 3630 376 3683 lubena
388 3629 557 3701 quaesierim,
574 3630 699 3698 qno-odo
713 3646 759 3695 ea,
777 3646 845 3699 quae
858 3631 891 3684 ab
903 3630 1001 3685 icauna
1023 3632 1175 3703 patriarcha
1194 3634 1229 3685 (lc
1246 3633 1354 3688 Pclama

248 3706 275 3753 et
295 3699 430 3755 Barlacma
450 3698 536 3769 deque
553 3698 738 3751 eccleciasticie
756 3698 908 3753 tumultibus
929 3699 1029 3771 scripta
1047 3710 1121 3769 eunt,
1139 3704 1234 3772 partim
1247 3705 1353 3773 probae,

247 3768 340 3839 purtim
355 3768 502 3839 improbae,
519 3767 644 3839 antirugia
663 3766 765 3821 acilicet
784 3769 819 3821 ed
837 3768 958 3823 Palcmac
977 3769 1111 3824 arbitrium
1131 3788 1229 3825 eumue
1247 3788 1354 3841 precene

246 3837 406 3894 aucuriune
423 3838 475 3891 huc
491 3836 553 3891 illuc
564 3846 696 3907 torquens.
730 3837 908 3906 Quaecunque
922 3838 989 3891 enim
1002 3839 1035 3892 ab
1051 3838 1114 3906 illo,
1130 3840 1354 3913 dnmpatriarcha

247 3915 334 3970 cenet,
350 3914 411 3961 acta
423 3911 486 3961 aunt
501 3908 642 3961 mundum
658 3905 782 3959 instituta
802 3907 945 3970 eumeniae,
967 3908 1010 3961 rel
1030 3909 1116 3962 omnia
1132 3926 1179 3973 ea,
1203 3911 1248 3963 vel
1265 3926 1354 3964 eorum

247 3975 310 4033 nihil
322 3976 525 4047 approbandum.
560 3975 640 4046 Atqui
651 3976 736 4047 (apud
748 3976 791 4045 te)
805 3976 888 4046 prima
905 3976 944 4030 eic
955 3979 1058 4042 valent,
1077 3986 1108 4032 nt
1122 3986 1254 4049 postrema
1269 3979 1354 4033 locum

248 4062 299 4100 non
319 4046 440 4100 habeant
481 4044 560 4108 θυοδ
581 4044 603 4097 ei
623 4063 670 4099 nor
690 4062 736 4109 ea,
755 4062 823 4115 qnae
835 4045 903 4099 idem
920 4046 1071 4116 patriarcha
1085 4046 1112 4100 in
1125 4048 1234 4102 ducrum
1245 4050 1354 4103 latarum

249 4114 375 4173 hominnm
393 4132 472 4170 caum
489 4113 639 4179 conatitnit,
663 4112 783 4171 bifariam
802 4115 922 4169 <lividere
942 4121 1064 4187 aportat,
1081 4122 1110 4170 et
1124 4125 1237 4187 utraque
1247 4119 1353 4188 utrique

249 4184 408 4250 attribuere,
426 4184 486 4237 hnic
500 4184 603 4253 priora,
620 4182 831 4267 importuniora,
847 4184 985 4238 videndum
1002 4184 1052 4238 iam
1066 4192 1127 4238 ntra
1141 4188 1208 4239 utria
1226 4186 1354 4256 praeferri

250 4254 371 4312 debeant.
413 4252 485 4323 Qnip
504 4271 519 4307 e
535 4252 568 4307 ad
585 4270 643 4306 enm
658 4254 744 4317 daem.
760 4270 813 4322 qno
832 4254 986 4321 Byzantium
1005 4256 1032 4307 in
1046 4263 1115 4308 tuam
1132 4262 1287 4325 uomentem
1298 4272 1354 4309 me-

249 4322 309 4379 diae
327 4324 411 4379 auctir
431 4270 537 4395 vigilie
554 4322 726 4395 mereunt,
743 4323 895 4396 patrimclm
913 4340 997 4397 neque
1015 4323 1060 4382 ille
1077 4342 1137 4381 ecee
1156 4326 1290 4399 pmtitlt,
1309 4325 1355 4396 qni
1428 4353 1432 4381 l
