3067 4792
272 241 374 318 1102
671 245 1033 320 ANNOTATIONES.

271 405 440 472 libellam
465 391 649 490 supplicam,
676 403 715 466 ds
738 401 878 468 electione
900 427 961 490 psa
984 422 1101 470 creatas
1125 403 1300 488 patriarcba
1318 401 1425 490 {ism

271 496 425 576 episcopas
452 491 563 572 Cyzici
586 494 732 557 sot.106.
776 486 903 574 Γροῖμμα
922 487 1152 576 ἀνεπίγραφον,
1180 512 1235 552 seu
1256 489 1425 572 Fragmen-

271 594 352 651 tum,
372 580 404 636 in
419 597 484 718 pao
502 592 669 678 accusatas
681 575 824 678 ppntyesf
845 577 907 658 ipse
926 574 1041 638 scilicet
1064 575 1254 638 Athanasius
1276 586 1425 656 provocas

273 660 316 724 ad
334 660 417 741 Syna
440 683 507 736 um,
529 677 562 721 at
578 684 607 721 es
624 683 751 721 cremona
767 659 884 722 absecta
902 682 971 721 uero
995 685 1055 722 esse
1076 676 1193 743 pateat,
1215 657 1380 740 deponatur·
1393 671 1426 716 es

185 754 192 775 ⁸
273 747 465 830 ignominiose
479 746 632 825 eiiciatstr3
651 747 700 806 sin
715 745 829 820 minas,
854 741 999 808 delatores
1015 749 1187 827 puniantur.
1208 746 1287 805 lbid.
1309 744 1365 807 fal.
1384 741 1425 802 V.
1518 763 1519 768 ¹

275 830 405 916 l'peippa
425 831 572 913 περὶτοῦ
592 835 659 904 τοῖς
679 830 731 893 sai
747 829 798 894 bsai
821 831 850 892 el
870 829 907 892 cci
928 837 991 893 eois
1012 827 1240 912 παροιτήοεων,
1264 835 1320 908 τῆς
1333 821 1426 910 repai-

274 942 328 998 της
348 915 429 998 φημὶ
450 915 504 978 nai
531 919 586 995 τῆς
614 915 770 994 δευτέρας,
800 913 946 996 ἐγένοντο.
989 915 1037 975 De
1060 932 1185 999 satrapae
1215 913 1425 988 abdicatione,

271 1003 384 1087 prioris
398 1015 427 1060 et
442 1002 613 1083 posterioris
627 998 858 1082 patriarcbatas.
879 1001 934 1063 iol.
951 1005 1022 1067 108.
1066 1001 1148 1062 llaec
1171 1002 1290 1074 anania,
1313 1011 1344 1060 et
1366 998 1427 1058 slis

199 1157 203 1164 ¹
275 1086 540 1170 praetereamulta
555 1083 914 1165 Athanasiipatrisrchae
938 1088 1104 1166 opuscula,
1136 1088 1245 1166 partim
1270 1085 1311 1144 ad
1328 1083 1427 1144 accla-
1519 1151 1520 1154 Ἴ

276 1172 425 1232 siasticam
441 1171 646 1252 disciplinam,
669 1172 779 1249 partlm
796 1170 837 1229 sd
852 1171 924 1230 alias
940 1191 988 1230 res
1005 1192 1073 1232 cum
1087 1172 1225 1253 publicae
1240 1181 1305 1232 tam
1321 1170 1427 1249 prisa-
1519 1157 1520 1184 ³

276 1268 323 1319 tas
345 1257 544 1337 pertinentis,
573 1276 652 1315 unus
670 1256 721 1314 ille
740 1254 840 1314 codex
861 1257 1090 1334 complectitur,
1112 1277 1201 1336 quem
1222 1255 1428 1317 Bibliothecae

277 1343 387 1421 Regiae
402 1363 470 1403 cum
490 1343 556 1400 aliis
574 1342 644 1420 plus
661 1341 832 1421 quingentis
853 1340 978 1400 donavit
996 1342 1046 1403 Ill.
1068 1343 1102 1402 1).
1122 1344 1248 1402 Carolus
1267 1341 1429 1402 Mauritius
1520 1383 1521 1392 a

277 1427 446 1505 Tellerius,
467 1425 713 1506 archiepiscopus
728 1426 798 1484 Dux
817 1424 1004 1488 lihemensia.
1050 1428 1174 1488 Utinam
1194 1429 1225 1487 in
1241 1427 1296 1486 illa
1320 1427 1429 1487 codice

280 1515 369 1577 etism
386 1511 538 1572 Athanasii
560 1511 628 1574 Vita
649 1520 798 1584 exstaret,
829 1531 918 1590 quam
938 1511 975 1570 ab
1000 1511 1117 1573 incerto
1141 1523 1264 1575 auctore
1284 1515 1429 1592 scriptam

279 1611 426 1661 memorat
446 1598 507 1658 Leo
530 1596 659 1657 Alletius
679 1597 711 1655 in
732 1597 814 1657 notis
832 1595 871 1656 sd
894 1597 1058 1658 Historiam
1077 1599 1200 1679 Georgii
1222 1603 1428 1683 Acropolitsa.
1521 1652 1522 1662 ,

279 1703 397 1748 totvm.

366 1767 441 1850 Pag-
459 1770 536 1841 180,
559 1771 609 1832 17.
649 1758 793 1845 Ἡσιῖχιον
806 1763 894 1846 βίον]
915 1766 1087 1847 interpres,
1110 1769 1234 1828 otiosam
1250 1771 1364 1834 uitam:
1382 1793 1432 1832 re.

281 1855 456 1937 posuimus:
485 1849 664 1914 solitariam.
709 1851 777 1911 vid.
807 1852 904 1913 Gloss.
931 1851 1009 1913 med.
1038 1852 1169 1914 (irascit.
1188 1855 1221 1914 ia
1247 1852 1431 1939 ἡσυχοστὴς.

281 1959 415 2002 ausano.

367 2022 442 2102 Peg.
468 2024 545 2096 180,
566 2025 618 2084 21.
661 2017 725 2080 Kal
737 2014 858 2095 στάσεις
873 2015 1064 2101 τιοννύχους]
1086 2023 1131 2082 Ita
1146 2043 1238 2102 supra
1254 2045 1321 2104 cap.
1335 2031 1365 2091 8.
1379 2029 1432 2088 abi
1522 2029 1523 2042 ²

282 2113 364 2171 iuter
386 2119 480 2167 retem
492 2105 731 2178 emendavimus,
754 2105 909 2183 quomodo
926 2116 958 2165 et
977 2104 1029 2165 hic
1044 2107 1265 2170 emendandus:
1287 2109 1341 2170 sed
1356 2111 1432 2172 alia.

285 2197 338 2279 qai
361 2129 455 2251 bonas
478 2204 505 2249 et
527 2186 723 2250 admirandas
743 2205 887 2272 quantam
911 2187 954 2250 ad
976 2193 1067 2252 uitam
1092 2195 1289 2254 monasticam
1317 2200 1432 2273 attinet,

286 2279 455 2354 continens,
477 2272 580 2334 illotas
593 2288 672 2336 totas
686 2289 785 2334 noctes
798 2289 891 2349 stare,
913 2275 996 2336 bami
1011 2275 1134 2336 cubare:
1157 2280 1318 2352 vertuuus,
1340 2297 1368 2339 es
1382 2281 1435 2340 ad·

285 2357 442 2422 mirandas
463 2362 545 2420 circa
561 2381 596 2418 ea
616 2381 691 2442 qaae
705 2361 901 2419 monasticam
922 2362 1012 2420 airam
1036 2363 1196 2442 conficiant
1218 2360 1266 2423 vel
1291 2381 1434 2447 spectant,

288 2447 515 2519 continentiam,
537 2445 676 2525 inquam,
698 2456 725 2502 et
745 2441 866 2523 uigilias
887 2459 1063 2518 nocturnas,
1086 2445 1168 2506 bami
1191 2446 1320 2524 cubans,
1343 2449 1436 2511 illatis

285 2528 429 2615 pedibas,
451 2551 489 2589 ac
503 2526 591 2610 pedes
602 2549 714 2608 semper
729 2525 884 2606 incedens,
906 2538 962 2589 etc.
986 2528 1161 2609 Pechymcr.
1175 2535 1251 2612 πεζῇ
1266 2531 1324 2614 peip
1344 2531 1437 2615 η’βοεῖ·

288 2623 353 2679 seo
367 2612 537 2721 saepserat
551 2609 605 2687 τὰς
620 2609 726 2688 biania,
749 2607 864 2693 ἔνδυμά
883 2637 914 2677 τι
927 2611 1019 2694 τροχοὶ
1043 2615 1148 2698 φέρειν
1169 2616 1220 2679 nai
1237 2616 1372 2698 βλαύτας
1391 2616 1436 2682 esi·

231 2763 235 2766 .
288 2702 383 2774 τοίως
407 2698 651 2782 οοτοοργημένος
675 2695 897 2776 ὁτοδεὸἐσθοι,
926 2699 979 2762 nal
1000 2700 1034 2764 lo
1055 2701 1147 2765 asuri
1171 2697 1301 2784 λιτότητι
1321 2707 1437 2792 decipe·

250 2814 253 2820 ·
288 2805 420 2849 uuasxa.
811 2811 814 2816 ·

374 2875 454 2951 Peg.
477 2872 556 2945 181,
577 2868 609 2934 5·
651 2863 738 2952 Πρὸς
758 2864 817 2951 yaip
847 2863 902 2933 stis
922 2867 1157 2952 naepsappatbv]
1187 2871 1367 2955 Pachymer.
1385 2875 1438 2936 lib.

290 2955 372 3018 VIII.
388 2976 455 3036 cap.
471 2956 519 3021 11.
538 2954 655 3020 1816.
697 2974 828 3019 noema.
893 2961 895 2967 ⁴

380 3045 453 3119 Peg.
475 3044 554 3115 181,
573 3042 605 3103 6.
646 3032 760 3113 Asisoie
782 3034 913 3118 πρώτοις
934 3032 1030 3115 esibbr
1053 3035 1205 3122 βλοσυρόν
1221 3065 1254 3105 τι
1276 3042 1440 3126 ὶτέρῤιψετ

293 3121 395 3206 ὄμμα]
418 3123 522 3183 Codex
539 3123 651 3200 Regius
666 3122 775 3201 habet,
800 3120 935 3206 βάρὁυς
949 3125 1113 3208 ἐπέρῤιψεν
1131 3124 1223 3207 ὅμμο.
1252 3129 1348 3206 Ριιῑο,
1366 3125 1441 3210 linib-

295 3212 369 3292 ρους
384 3206 467 3290 ὄμμα
482 3208 678 3288 ἒττιόᾷίτττετν,
699 3211 897 3289 proverbium
912 3211 1013 3271 luisse.
1058 3212 1173 3272 Latinis
1189 3211 1307 3272 Barrus
1322 3225 1369 3274 est
1376 3213 1442 3274 Ele.

291 3295 378 3378 phas.
421 3295 562 3358 Fortasse
583 3302 614 3352 et
636 3295 761 3355 Graecis
777 3289 1000 3357 recentioribus
1022 3291 1128 3379 βᾶρῤω
1147 3297 1237 3358 dicta·
1251 3307 1297 3359 est
1314 3297 1443 3382 lileplsas

311 3401 435 3442 oemsna.
458 3398 576 3440 sorren.

290 3379 319 3465 f
381 3469 459 3546 Pag-
484 3468 561 3540 181,
585 3469 635 3530 10.
679 3467 805 3528 neem
824 3489 869 3544 τε,
891 3461 911 3529 8
934 3461 976 3546 μοὶ
998 3463 1072 3548 nair
1094 3462 1267 3548 βουλήσεως
1287 3457 1348 3545 ἦν,
1375 3463 1445 3542 sotir

210 3604 213 3611 .
282 3544 327 3615 'd’
344 3544 607 3632 ἀναγκασθέντος]
631 3548 759 3612 Videtur
774 3552 862 3612 lacus
883 3555 1025 3629 mutilus,
1047 3553 1182 3612 membro
1198 3571 1261 3612 uno
1283 3563 1376 3632 atque
1394 3553 1445 3614 al·-

295 3645 364 3697 tero
381 3636 501 3697 omisso.
525 3653 671 3697 womsas.

380 3725 459 3800 Pag.
484 3723 560 3796 181,
581 3725 634 3784 21.
677 3719 738 3794 Εἰς
756 3714 813 3794 τοὶς
832 3721 946 3794 οἰκείας
966 3721 1091 3786 ἕκαστον
1104 3715 1301 3804 μητροπόλεις
1315 3715 1445 3802 ἇτὲτιεμ-

296 3809 378 3885 aar]
401 3806 568 3865 turrianus
586 3805 618 3863 ia
635 3805 715 3866 libro
737 3803 776 3864 de
791 3807 1049 3868 commendatione
1066 3815 1232 3888 perpetuae
1255 3807 1446 3868 admInistra·

296 3892 392 3952 tionis
408 3889 603 3950 ecclesiarum
618 3890 801 3966 vacantium,
817 3901 847 3952 et
860 3892 898 3952 de
911 3891 1072 3954 residentia
1088 3893 1244 3952 Pastorum
1260 3901 1343 3952 extra
1359 3893 1446 3955 ovilis

298 3996 368 4054 aua;
383 3973 502 4059 „idque
516 3989 549 4034 nt
562 3973 753 4036 Atbanasias
763 3975 940 4056 patriarcba
953 3973 1300 4056 constantinopolitanas
1312 3976 1447 4062 affirmat

299 4064 332 4122 in
358 4057 484 4142 epistola
505 4057 548 4118 ad
576 4062 743 4141 episcopam
768 4058 980 4136 Sardensiam‚
1009 4060 1056 4121 Ne
1076 4083 1143 4122 oues
1167 4075 1289 4142 propter
1317 4059 1447 4120 crebram

299 4143 467 4206 absentiam
491 4141 652 4204 Pastorum
671 4141 778 4229 sociis
799 4166 819 4204 a
841 4143 919 4226 lapis
938 4143 1043 4204 invadi
1062 4160 1191 4228 possent.
1234 4141 1319 4204 Idem
1338 4167 1449 4228 qaoque

299 4229 490 4294 Athanasius
518 4224 561 4288 ad
582 4231 787 4312 imperatorem
813 4231 861 4290 sui
884 4232 1024 4320 temporis
1046 4227 1082 4292 sle
1109 4227 1273 4295 residentia
1290 4232 1449 4314 episcopo-
