3067 4792
523 294 881 369 ANNOTATIONES.
1169 291 1268 366 1193

120 476 188 516 rum
207 467 238 515 et
256 472 355 516 eorum
377 455 550 517 oeconomia
570 470 599 516 et
626 453 830 518 ecclesiastica
850 451 984 515 absentia
1003 453 1049 516 sic
1068 455 1205 537 scripsit:
1232 453 1269 520 Su·

119 561 221 599 uerum
248 554 307 616 est,
340 539 453 623 inquit,
484 538 568 624 quod
596 538 660 602 dici
687 538 777 618 solet,
805 541 861 623 qui
882 562 999 620 gregem
1021 555 1141 620 pastore
1158 544 1268 622 privat,

119 626 238 705 utrique
262 623 426 704 periculum
454 647 567 701 creare,
600 623 737 708 prqfecto
761 646 854 706 grave
874 621 1051 704 supplicium
1073 641 1170 686 manet
1191 649 1266 704 eum,
1302 632 1304 637 ’

119 710 174 790 qui
192 722 340 788 pastorem
362 723 443 770 arcet
464 708 503 768 ab
525 707 613 785 ouili,
640 709 778 792 debetque
804 711 857 792 qui
881 722 988 789 pastor
1012 723 1075 784 est,
1110 734 1200 792 usque
1226 709 1269 770 ad

4 792 9 798 ’
118 793 293 872 sanguinem
312 815 369 874 pro
387 817 476 875 grege
496 816 556 854 non
577 791 804 876 derelinquendo
826 791 940 854 labores
957 792 1101 875 perferre,
1122 797 1181 854 nisi
1201 817 1268 856 cum

120 897 196 957 opus
207 874 308 961 fuerit
330 881 361 937 in
384 875 507 961 Synodo
527 877 653 960 singulis
673 879 761 938 annis
782 876 825 937 nd
840 874 988 960 agendum
1009 875 1046 936 tle
1067 876 1151 938 rebus
1173 901 1269 940 neces·

119 962 211 1020 sariis
236 959 389 1043 paulisper
414 961 528 1034 abesse,
562 961 669 1046 quibus
696 961 844 1023 conclusis
870 957 1000 1024 celeriter
1019 959 1068 1022 illi
1090 959 1268 1025 redeundum

118 1045 177 1120 sit,
200 1046 227 1103 si
247 1045 341 1106 credit
367 1070 398 1106 se
423 1046 606 1106 redditurum
626 1050 768 1107 rationem
794 1069 908 1107 summo
934 1049 1050 1125 pastori
1074 1043 1208 1122 Christo,
1240 1061 1269 1110 et

118 1130 150 1188 si
174 1125 281 1210 uqsue
304 1146 347 1190 est
368 1132 485 1190 nomine
502 1133 648 1213 pastoris,
676 1133 735 1190 nisi
750 1129 840 1218 sorte
860 1133 949 1192 etiam
968 1145 1088 1213 propter
1109 1134 1269 1193 necessita-

119 1225 179 1271 tem
201 1209 245 1271 ad
264 1214 420 1276 utilitatem
441 1219 609 1275 animarum
633 1217 822 1298 pertinentem
841 1213 879 1276 ab
901 1216 1076 1296 imperatore
1096 1231 1148 1276 aut
1164 1237 1183 1276 a
1204 1239 1269 1298 pa-

119 1295 256 1358 triarcba
277 1303 378 1359 rtatim
403 1297 550 1360 rediturus
569 1316 697 1362 uocetur.
729 1297 914 1361 Huiusmodi
933 1320 1041 1360 causas
1064 1303 1269 1363 oeconomicus

120 1396 150 1440 et
178 1381 394 1444 ecclesiasticas
415 1382 509 1445 breuis
536 1384 686 1444 absmtiae
711 1401 867 1465 pastorum
894 1381 934 1444 ab
955 1382 1085 1446 ecclesiis
1104 1387 1166 1445 suis
1186 1383 1270 1446 didi-

121 1480 205 1526 cerat
225 1470 272 1526 uir
294 1483 416 1529 sanctus
434 1471 467 1528 in
488 1468 651 1550 Scripturis
677 1484 704 1529 et
724 1484 895 1529 sanctorum
915 1465 1038 1528 Patrum
1065 1467 1269 1532 sanctionibus

120 1546 254 1611 eruditus
279 1552 482 1624 Athanasius,
520 1555 572 1637 qui
599 1551 821 1615 commendatas
847 1551 986 1614 ecclesias
1009 1575 1063 1613 suo
1082 1555 1171 1614 etiam
1193 1568 1269 1614 tem·

118 1656 195 1716 pore
214 1639 313 1696 nouit:
337 1635 374 1696 de
394 1637 501 1720 quibus
522 1636 564 1697 ad
583 1640 750 1720 episcopum
770 1639 926 1720 Apameae
945 1635 1092 1714 scribens,
1113 1635 1168 1697 Ad
1184 1635 1268 1721 quid,

121 1720 238 1802 inquit,
266 1743 378 1782 necesse
399 1737 442 1783 est
462 1719 505 1781 ad
528 1745 612 1782 suam
638 1745 781 1804 quemque
807 1720 964 1783 dioecesem
987 1723 1029 1780 ire
1047 1724 1199 1803 propriam
1222 1719 1270 1785 vel

120 1803 378 1883 commendatam,
398 1808 457 1866 nisi
471 1821 504 1866 ut
525 1805 612 1888 lupos
631 1804 701 1866 inde
721 1803 874 1868 arceatis?
901 1802 990 1886 Quod
1007 1807 1035 1866 si
1045 1805 1195 1892 fortassis
1209 1806 1269 1870 buc

120 1909 175 1948 vos
198 1887 310 1970 (idest
333 1887 634 1974 Constantinopolim.)
656 1892 762 1951 incitat
783 1905 811 1949 et
831 1889 923 1950 trabit
945 1905 1007 1951 tum
1028 1888 1159 1951 studium
1180 1905 1270 1974 atque

121 1969 298 2034 desiderium
320 1973 493 2036 consulendi
508 1974 667 2037 multorum
686 1972 793 2052 saluti,
816 1972 906 2057 idque
917 1973 1001 2036 uobis
1011 1977 1195 2057 propositum
1211 1985 1267 2052 est,

120 2069 186 2117 tum
206 2060 331 2118 sciemia
354 2075 417 2119 tam
438 2057 551 2137 multa,
581 2074 615 2119 ut
635 2080 676 2120 erc
695 2059 755 2120 bac
775 2057 846 2119 urbe
863 2061 984 2142 possitis
1004 2061 1093 2121 etiam
1138 2083 1193 2120 uae
1210 2079 1270 2122 etc-

121 2156 172 2202 tra
187 2144 265 2223 fines
292 2158 453 2204 uestrarum
483 2142 650 2205 dioeceseon
670 2145 770 2227 posita
789 2159 858 2204 sunt
876 2142 1059 2226 gubernaret
1084 2083 1136 2204 ud

119 2223 270 2306 guendam
291 2230 373 2288 sitim
394 2231 482 2289 istam
503 2230 645 2311 istiusque
663 2226 756 2289 studii
777 2230 865 2288 vestri
888 2225 1042 2303 ardorem,
1062 2231 1161 2290 ueniat
1184 2227 1270 2290 uobis

121 2314 156 2371 in
172 2327 293 2372 mentem
310 2310 402 2386 illius,
427 2315 477 2374 cui
492 2310 624 2395 plurima
646 2327 817 2375 sanctarum
840 2309 1004 2374 litterarum
1025 2315 1149 2374 scientia
1171 2312 1269 2374 Tbeo·
1344 2384 1355 2392 ³

122 2393 188 2477 logi
215 2413 437 2477 cognomentum
462 2394 559 2471 dedit,
589 2394 729 2479 illiusque
755 2418 866 2479 paruae
887 2395 1070 2459 Sasimorum
1096 2395 1268 2474 dioeceseos,

121 2483 169 2542 ito
190 2495 223 2540 ut
241 2480 289 2541 uel
307 2497 428 2563 propter
446 2479 654 2542 excellentiam
675 2479 759 2542 illius
779 2478 1020 2543 excellentissimi
1040 2482 1112 2559 uiri,
1132 2479 1181 2543 uel
1197 2504 1269 2564 pro·

119 2581 189 2649 pter
206 2565 415 2648 aequalitatem
445 2566 584 2642 bonoris,
608 2588 668 2648 quo
690 2567 820 2627 contenti
838 2589 899 2626 esse
922 2563 1046 2642 debetis,
1077 2568 1200 2650 quisque
1222 2588 1270 2626 ue·

121 2665 216 2710 strum
237 2652 319 2710 intra
338 2673 408 2712 suos
427 2674 459 2711 se
467 2653 550 2734 fines
571 2652 727 2712 contineat.
766 2647 963 2729 Quamobrem
983 2651 1141 2726 existima,
1155 2649 1269 2734 frater,
1334 2682 1339 2688 ·

122 2732 225 2795 deberi
245 2756 265 2794 a
286 2750 315 2794 te
336 2735 394 2797 boc
414 2759 505 2818 usque
529 2732 572 2794 ad
597 2735 787 2817 sanguinem,
822 2747 856 2794 ut
882 2757 949 2796 cum
977 2733 1080 2796 ortibus
1104 2736 1163 2795 tuis
1180 2736 1222 2796 sis
1241 2747 1270 2793 et

121 2821 221 2887 omas.
262 2817 302 2880 Et
323 2841 400 2902 quae
420 2833 579 2902 sequuntur
599 2817 698 2878 divine
725 2820 827 2880 omnia
852 2821 983 2898 scripta,
1007 2833 1034 2878 et
1055 2817 1161 2890 adid,
1183 2813 1266 2901 quod

122 2902 212 2966 nabis
230 2906 345 2986 agitur,
366 2919 395 2964 et
410 2899 457 2964 'ad
478 2901 522 2978 id,
544 2900 625 2985 quod
638 2901 756 2964 Romae
765 2903 841 2985 fieri
859 2900 1000 2980 uidemus,
1022 2900 1197 2964 mirabiliter
1217 2925 1270 2964 ac·

124 2988 347 3052 commodata.“
375 2989 459 3049 Idem
470 2990 635 3050 Turrisnus
650 2989 683 3047 in
697 2988 803 3054 eodem
813 2987 910 3048 libro:
932 2987 1069 3064 „Tamen
1091 2984 1270 3070 respondebo

122 3072 207 3158 quod
226 3071 415 3135 Athanasius
432 3071 607 3156 patriarcba
623 3069 982 3154 Constantinopolitanus‚
1007 3095 1091 3156 quem
1107 3093 1199 3155 supra
1216 3074 1269 3133 ite·

123 3181 191 3220 rum
209 3159 346 3234 memini,
374 3161 520 3241 episcopis
540 3155 583 3218 ad
603 3179 674 3218 suas
694 3155 839 3219 dioeceses
861 3154 1114 3240 proficiscentibus
1131 3157 1271 3240 scripsitt

123 3241 162 3306 Si
181 3241 257 3303 mali
280 3257 416 3323 pastores
434 3257 544 3319 essent,
567 3255 601 3302 ut
621 3243 817 3302 meminissent
839 3265 898 3304 non
918 3244 979 3303 iam
1000 3237 1087 3302 licere
1104 3239 1164 3302 sibi
1184 3261 1271 3323 prae·

121 3327 255 3390 sentibus
276 3350 394 3388 munere
413 3325 563 3408 pastorali
578 3323 693 3413 fungi3
723 3323 758 3386 id
785 3327 860 3387 enim
882 3349 1013 3388 summae
1035 3349 1096 3388 esse
1114 3327 1271 3386 irreueren.

122 3413 199 3488 tiae,
223 3427 251 3471 et
271 3409 411 3473 scandali
428 3409 567 3493 plenum,
587 3426 792 3494 praestareque
811 3409 943 3472 absentes
963 3433 1039 3488 esse3
1060 3423 1092 3470 at
1114 3423 1186 3471 tuno
1206 3430 1271 3472 reas

122 3495 245 3582 quidem
264 3519 326 3557 esse
349 3498 516 3558 uacationis
542 3517 613 3558 suae
631 3509 659 3554 et
679 3494 838 3556 absentius.
881 3493 987 3579 Itaque
1007 3515 1067 3556 non
1087 3490 1157 3555 licet
1177 3515 1271 3576 prae-

122 3596 217 3642 sentes
238 3604 298 3642 esse
316 3582 344 3641 si
362 3577 439 3642 mali
458 3582 535 3659 sint,
559 3595 589 3640 et
608 3578 743 3641 absentes
763 3602 824 3642 non
845 3597 928 3640 eruunt
949 3581 1099 3662 impune.“
1141 3577 1219 3640 Vide
1240 3587 1272 3640 ct

124 3667 268 3746 epistolas
290 3675 370 3742 octo,
391 3676 453 3727 tres
474 3665 514 3725 ud
533 3668 755 3746 imperatorem,
778 3666 910 3745 quinque
931 3667 972 3726 nd
991 3665 1168 3745 episcopos,
1191 3663 1273 3724 eins·

122 3752 197 3812 dem
225 3749 382 3812 Athanasii
409 3751 446 3810 ab
475 3751 582 3811 eodem
606 3751 755 3811 Turrinno
782 3751 885 3810 Latino
903 3769 1023 3826 versas,
1053 3758 1083 3810 et
1101 3747 1272 3812 Florentiae

124 3835 223 3898 editus
243 3847 314 3918 pout
333 3837 445 3897 librum
466 3835 505 3896 de
524 3835 699 3896 Residentiu
719 3836 886 3896 Pastorum.
914 3835 990 3897 Vide
1004 3843 1035 3896 et
1050 3853 1111 3914 ens,
1127 3853 1205 3915 ques
1217 3853 1272 3896 ox·

123 3933 207 3984 aunt
223 3923 256 3982 in
271 3921 382 3982 Codice
395 3920 511 4000 Regio„
526 3921 599 3980 oiim
613 3921 793 3982 Telluriuna.
827 3938 942 3984 norm.

62 4108 67 4114 ⁹
209 4028 288 4108 Peg.
311 4027 390 4099 182,
410 4023 440 4090 5.
481 4021 663 4083 Athanasius
677 4023 743 4103 ipse
759 4023 791 4082 in
804 4025 911 4108 Neuqqi
924 4018 954 4102 *)
977 4041 1030 4082 seu
1046 4011 1166 4124 ζητήσει
1181 4036 1272 4123 supro

123 4109 276 4189 iudicatu,
296 4105 374 4194 πρὸς
394 4103 515 4183 τούτοις
529 4108 582 4172 net
604 4107 732 4192 μοναχοὶ
747 4103 771 4189 ἢ
787 4103 981 4192 mincius,
1002 4101 1046 4190 μὴ
1061 4107 1180 4188 isuyrtu
1199 4125 1273 4166 utu·

159 4276 192 4346 υ)
208 4275 278 4330 nte
294 4275 362 4332 cen.
379 4277 446 4346 neg.
462 4261 555 4332 soso·
572 4273 620 4329 tu
635 4275 697 4333 271.
714 4273 750 4334 v.
782 4285 886 4330 unu.

196 4361 358 4441 uersuum
372 4363 486 4436 csege.
507 4361 615 4418 run.
1023 4343 1068 4408 76

1152 2147 1270 2206 eoestin-
1393 2167 1394 2172 ¹
