3067 4792
258 201 360 280 1200
651 211 1011 288 annortrlonns.

343 375 422 454 Pssss·
441 367 523 450 214,
543 374 596 441 23·
615 363 741 454 Ἆτμοῖν]
763 374 810 436 Ita
824 375 994 458 appellatur
1007 369 1211 454 al’achymer.
1222 371 1254 434 d.
1269 393 1339 454 esp.
1352 372 1417 436 IX.

259 469 291 524 et
300 457 357 523 lib.
369 459 411 520 X·
426 479 491 540 cap.
503 459 577 520 XX.
589 459 685 519 XXV.
700 470 731 521 et
742 460 797 522 lib.
811 462 867 522 XI.
891 481 957 542 cap.
971 461 1025 522 IX.
1051 455 1213 522 Othmaner
1231 481 1249 518 a
1260 457 1415 530 Phranze,

147 559 153 570 ¹
257 537 446 626 Ὀιονμᾶνος
463 544 641 618 aLaontco,
666 539 779 606 Ormon
801 569 818 605 a
839 545 995 624 Phranze,
1023 544 1218 621 Leunclario,
1240 553 1271 604 et
1288 544 1370 620 aliis,
1397 566 1419 602 a

259 651 323 710 qno
336 629 453 691 Sultani
467 629 636 689 Otomanioi
648 625 788 691 hodierni
801 631 923 694 Turcioi
939 650 1034 712 genus
1050 631 1177 692 ducunt.
1207 629 1237 690 Is
1253 629 1417 692 Eunonlis

258 715 340 778 filius
356 715 425 777 fnit.
466 733 599 777 noeane.

344 804 424 882 Pag-
447 800 524 877 216,
549 806 579 865 1.
620 793 671 874 'Ee
688 795 938 887 roslc’Auonplov
959 799 1104 882 διέβησαν
1130 799 1259 881 παῖδας]
1291 800 1417 862 aaran

260 894 293 948 et
306 883 463 948 Matones
478 885 502 946 ii
519 895 670 946 vocantur
686 907 704 945 a
720 886 865 950 Phranze.
908 888 1057 946 Laenicus
1080 885 1243 962 Gregorans
1260 888 1415 967 seqnitur,

259 967 1416 1136 ttt⁰⁸h¹t⁰ll⁶¹t⁰n¹ttltt²‘ilttlll“t.2ttt⁰“'tilll‘sstlt

898 1103 907 1136 ,
1087 1101 1094 1114 .

259 1140 396 1212 Amani,
419 1160 508 1219 quem
523 1163 540 1200 a
555 1143 669 1202 hIeleco
687 1143 836 1205 laoniensi
857 1145 981 1204 Sultano
1000 1143 1194 1204 interfectum
1213 1141 1346 1202 diximus
1361 1161 1418 1202 su·

259 1224 372 1308 praed
386 1224 439 1290 lib.
456 1225 492 1287 V.
506 1247 572 1306 cap.
588 1225 685 1304 vlit,
703 1227 774 1288 liliis
790 1229 899 1290 unicus
916 1228 1001 1290 Halia
1020 1227 1187 1309 superfuit,
1204 1227 1307 1288 Amor
1320 1227 1417 1286 etiam

261 1312 440 1391 appellatus,
463 1331 554 1392 aqno
568 1314 602 1371 in
615 1313 731 1392 praelio
746 1315 864 1376 deletus
877 1323 908 1375 et
926 1333 1030 1376 caesus
1046 1314 1195 1374 Meleeusr
1217 1322 1309 1391 atque
1320 1310 1417 1370 huius

262 1397 385 1457 alterius
404 1396 519 1456 Amusii
535 1396 592 1456 filii
610 1396 663 1458 hic
677 1399 756 1460 forte
771 1398 992 1480 intelliguntur,
1014 1397 1066 1478 qni
1081 1408 1200 1458 mortuo
1216 1407 1342 1477 parante
1355 1395 1415 1456 has

259 1479 436 1562 provincias
457 1482 513 1541 sibi
531 1485 727 1561 asseruerint,
749 1485 867 1546 tametsi
881 1485 958 1544 alter
974 1503 1095 1546 rursum
1107 1483 1250 1542 Amurins
1269 1491 1417 1542 occurrat

260 1566 293 1626 in
306 1566 467 1646 posteriori
484 1568 633 1646 Gregorae
647 1567 793 1645 historia,
817 1569 869 1652 qni
886 1589 925 1630 ox
941 1568 1060 1630 duobus
1073 1569 1140 1629 istis
1155 1567 1281 1627 secundi
1295 1567 1417 1627 AmurIi

261 1671 327 1712 esse
353 1652 504 1733 potuerit,
541 1663 571 1714 et
593 1655 710 1716 hmurii
735 1656 794 1716 sibi
812 1666 849 1716 ut
866 1665 953 1734 pater
978 1675 1086 1714 nomen
1114 1653 1326 1732 adscripserim
1353 1653 1416 1712 nisi

262 1734 391 1814 ipsemet
406 1737 446 1797 sit
459 1737 543 1798 IIalis
555 1738 650 1799 Amur
661 1739 772 1800 horum
787 1751 885 1822 pater.
915 1740 978 1802 Hos
991 1741 1127 1814 Amnris,
1146 1734 1198 1798 rel
1214 1737 1341 1812 AmoriI,
1361 1737 1417 1796 rel

264 1820 387 1880 Omuris
406 1820 499 1898 lilios,
529 1844 606 1903 quos
630 1826 806 1887 Heracleam
829 1825 1001 1902 Ponticam,
1024 1826 1246 1894 Castamonem,
1267 1823 1414 1901 Sinopen,

262 1915 295 1966 et
307 1907 381 1966 alias
392 1907 485 1969 urbes
493 1929 561 1968 cum
570 1909 685 1974 ditione
695 1913 771 1972 mari
781 1911 909 1972 Pontico
923 1911 1023 1972 vicina
1034 1909 1165 1970 tenuisse
1179 1907 1294 1982 scribit,
1307 1905 1416 1968 Omero-

262 1988 360 2070 ogls‘oe
373 2002 464 2053 vocat
475 1995 677 2056 Leunclavius
695 1997 727 2056 in
751 1996 861 2056 horum
878 2005 1048 2067 stemmate,
1070 1993 1151 2074 quod
1170 1992 1315 2053 historiae
1340 2011 1415 2054 suae

261 2073 497 2139 Musulmanicaa
512 2079 663 2159 praefixit.
711 2079 801 2141 Omes·
817 2082 896 2140 enim
917 2083 943 2140 is
964 2082 997 2140 in
1018 2079 1175 2140 annalibus
1192 2079 1330 2138 Turricis
1352 2098 1416 2157 ap-

261 2158 405 2242 pellatur.
447 2163 524 2224 Vide
543 2165 673 2226 eundem
686 2166 901 2226 Leunclavium
922 2169 955 2226 in
970 2165 1119 2227 Pandente
1134 2187 1164 2224 n
1178 2163 1259 2223 XIII.
1280 2183 1415 2227 noman.

347 2249 426 2329 Pssg.
447 2250 527 2324 215,
550 2257 580 2317 2·
630 2247 670 2314 Td
695 2249 798 2332 μέντοι
816 2250 886 2332 ἑξῆς
906 2249 989 2331 ἔτος]
1011 2247 1186 2330 Pachymer.
1208 2247 1262 2308 lib.
1278 2249 1321 2310 X.
1343 2268 1413 2329 cap.

263 2327 403 2395 XXXIV.
418 2333 543 2396 XXXV.
559 2335 700 2400 XXXVI.
720 2336 774 2396 lib.
794 2336 849 2398 XI.
875 2355 943 2417 cap.
963 2336 986 2398 I.
1005 2335 1073 2398 XX.
1115 2354 1247 2394 nuoano.

347 2420 426 2499 Pag.
447 2423 525 2497 216,
550 2427 598 2486 ll.
630 2417 739 2501 Ἔτυχε
764 2418 798 2484 di
819 2444 916 2500 τηνικ.
941 2420 1096 2498 ἐπιδημῶν
1115 2424 1155 2502 τῇ
1177 2419 1245 2499 βαο.
1274 2413 1327 2479 sal
1356 2421 1414 2497 τῆς

262 2493 335 2567 κατ’
347 2503 418 2584 Αἴγ.
433 2497 655 2588 Ἀλεξανδρείας
668 2503 688 2570 δ
701 2505 810 2588 nuru]
824 2507 1011 2566 Exereuerat
1023 2503 1075 2564 hic
1088 2505 1148 2564 iam
1164 2513 1238 2578 tum,
1261 2511 1292 2562 et
1308 2512 1414 2581 postea

263 2608 385 2670 quoque
399 2591 537 2648 exercuit
554 2611 661 2670 graves
681 2591 854 2650 inimicitias
869 2612 938 2650 cum
961 2590 1123 2650 Athanasio
1143 2585 1316 2669 patriarcha
1331 2589 1415 2646 Con-

264 2675 547 2754 stantinopolitano,
571 2675 736 2756 dequibus
755 2675 955 2757 Pachynreres
977 2674 1120 2734 historiae
1136 2675 1270 2735 Andron.
1291 2671 1343 2734 lib.
1359 2672 1413 2732 III.

265 2779 332 2839 cap.
349 2759 385 2820 V.
401 2759 453 2819 lib.
466 2760 517 2823 IV.
535 2782 603 2841 cap.
621 2763 679 2823 ult.
700 2762 755 2823 lib.
771 2763 805 2822 V.
827 2782 893 2842 cap.
910 2763 979 2821 XX.
1001 2760 1053 2820 lib.
1069 2760 1133 2822 VII.
1147 2781 1214 2838 cap.
1233 2757 1315 2820 VIII.
1359 2759 1414 2817 st-

263 2843 364 2924 queis
378 2843 499 2906 videtur
514 2867 589 2925 esse,
604 2846 643 2906 ad
659 2867 748 2926 quens
763 2843 1058 2925 exstatPachymeris
1073 2845 1202 2924 epistola
1216 2845 1248 2903 in
1265 2842 1347 2902 calce
1356 2843 1414 2902 Co·

265 2928 343 2988 diois
356 2929 441 3008 Regii
455 2933 553 2997 2885.
587 2933 694 2992 Exstat
716 2931 805 2992 etiam
826 2933 860 2990 in
882 2931 993 2992 Codice
1017 2932 1109 3009 hegio
1129 2927 1216 3012 (olim
1226 2923 1413 3012 Telleriano)

263 3013 319 3074 Iol.
340 3016 391 3079 68.
412 3015 530 3075 Relatio
547 3015 702 3077 Athanasii
729 3015 920 3098 patriarchae
945 3005 1267 3094 constantinopolitani
1289 3013 1328 3072 ad
1351 3012 1414 3071 im-

239 3107 435 3181 ·peratorem
457 3097 535 3179 προς
555 3098 627 3177 rosia
647 3101 853 3212 χειςνσθὲνοας
878 3109 986 3185 φορεῖν
1007 3099 1065 3183 τήν
1089 3095 1254 3182 μάχαιραν,
1278 3107 1338 3159 etc.
1361 3095 1414 3160 sel

263 3181 402 3265 περὶτοῦ
417 3177 536 3266 Τύρον,
558 3185 681 3250 καὶτοῦ
697 3187 932 3270 Αλεξανδρείας,
954 3181 1039 3260 ὅπως
1061 3185 1224 3262 ἔξέλθωσιν
1238 3182 1272 3246 ἐκ
1290 3187 1346 3262 τῆς
1361 3175 1412 3245 rri-

263 3274 347 3342 tenc.
390 3267 425 3330 In
443 3291 479 3330 aa
499 3271 656 3332 Relatione
669 3271 852 3333 Athanasius
868 3271 1216 3352 constantinopolitanus
1233 3268 1266 3328 in
1282 3267 1414 3328 Athana-

264 3356 342 3417 sium
356 3353 595 3416 Alexandrinum
618 3357 727 3418 acerbe
741 3356 913 3437 invehitur3
935 3357 1007 3417 item
1022 3357 1055 3416 iu
1077 3357 1253 3436 episcopum
1271 3353 1347 3434 Tyri
1353 3397 1362 3428 ,
1384 3361 1413 3412 at

264 3439 296 3498 in
310 3440 386 3498 alios
403 3441 560 3520 quosdam.
603 3443 672 3503 Non
688 3442 799 3502 mirum
812 3443 929 3522 itaque,
949 3443 975 3502 si
992 3441 1212 3502 Alexandrinus
1231 3437 1412 3499 Athanasius

264 3524 632 3606 constantinopolitanum
644 3529 777 3608 satyrica
791 3528 902 3589 labella
916 3527 1103 3607 perstrinxit.
1146 3545 1262 3587 norvia.

350 3610 429 3690 1³08·
452 3617 529 3688 217,
553 3613 604 3678 15.
649 3611 847 3697 Θενδὲριχον]
870 3613 1065 3673 Fredericmn
1083 3611 1135 3672 hic
1156 3621 1186 3670 et
1202 3609 1282 3670 infra
1303 3609 1412 3686 legen-

263 3691 353 3769 dum,
372 3695 420 3754 uti
438 3715 531 3778 supra
543 3697 723 3761 monuimun
771 3699 813 3760 Da
828 3697 888 3760 hoc
908 3698 988 3758 bello
1006 3699 1086 3758 inter
1100 3697 1242 3756 Carolum
1257 3707 1287 3755 et
1298 3693 1412 3754 Frede-

262 3777 363 3838 ricum
378 3784 488 3855 passim
502 3793 596 3860 agunt
608 3782 762 3848 Ilistorici.
804 3805 937 3844 uncino.

347 3868 425 3947 Pag.
446 3871 526 3942 217,
550 3873 599 3932 17.
641 3870 771 3942 Mallote
785 3865 822 3932 ον’
840 3867 932 3932 πλέον
950 3861 1102 3946 αἀἑχονσα
1114 3869 1169 3944 τῆς
1181 3859 1312 3946 ἠπείρου
1326 3857 1411 3944 τριδ-

263 3947 376 4028 soora]
407 3952 589 4030 hScyllaeo
607 3954 816 4032 promontorio
843 3953 882 4016 od
900 3953 1066 4014 Messanam
1096 3951 1200 4010 urbem
1226 3949 1279 4008 rix
1307 3969 1411 4008 nume-

263 4044 371 4094 rantur·
387 4036 453 4094 XV.
472 4037 566 4097 millia
585 4039 706 4112 Italica,
739 4061 912 4120 quanquam
934 4039 1046 4098 fretum
1070 4057 1104 4096 ea
1126 4045 1211 4114 parta
1236 4035 1410 4094 latissimum

265 4119 312 4182 sit.
345 4121 383 4181 In
399 4121 513 4180 Codice
531 4123 642 4201 Ilegio,
664 4145 724 4205 pro
742 4127 854 4206 μιλίοις
876 4119 914 4188 ori
929 4123 1035 4201 πλέον,
1057 4121 1166 4200 legitur
1180 4121 1321 4190 σταδίους
1345 4115 1410 4180 oine'-

264 4223 361 4286 χονσα
375 4209 432 4289 τῆς
451 4198 583 4293 ἠπείρου
603 4205 657 4276 ol'.
674 4209 708 4272 id
729 4221 793 4290 est,
814 4207 923 4272 stodiis
944 4205 1078 4270 ducentis
1095 4220 1123 4266 et
1137 4204 1262 4288 triginta
1286 4201 1410 4280 distans,
