3067 4792
275 272 353 352 614
578 287 818 360 NICEPHORI
829 291 1076 366 GREGORAE

110 469 140 521 A.
153 466 187 518 ΙΙ.
201 445 375 528 685οδενός.
428 446 500 544 (ς’.)
520 449 619 539 Ὓλην
635 454 739 522 τοίνυν
748 451 908 544 εόρόντες,
934 457 976 544 ἣν
988 457 1088 527 πάλαι
1109 469 1284 541 ποθοῦντες
1299 462 1389 554 ίιόγ-

144 537 196 590 lna.
212 539 392 655 Ῑοοχαναν,
427 558 602 642 φακέλλους
617 556 811 647 γραμμάτων
824 560 990 646 διέπεμπον
1014 565 1045 630 oi
1060 546 1226 646 Βυζάντιοι
1241 567 1389 656 πρόεδροι

281 658 363 726 κατά
392 665 498 728 πᾶσαν
524 662 675 746 ἐπαρχίαν
699 665 751 730 καί
780 661 870 730 πόλιν
881 713 894 746 ,
939 663 1088 752 ἀνάθεμα
1113 672 1167 737 καλ
1192 671 1389 758 άφορισμαός

276 761 456 849 περιίχαντα
477 761 618 848 πάντων,
647 765 714 832 ὅσοι
733 769 819 855 φίλοι
838 769 987 836 θέλουσιν
1000 767 1078 837 εἶναι
1091 779 1149 838 τοῦ
1163 779 1389 862 Καντακουζη·

277 873 352 934 νοῦ·
380 868 431 932 καί
444 864 519 950 ,ἅμα
539 875 603 934 πᾶν
623 865 707 951 τό,τε
729 871 897 955 δημοτικόν
918 875 1099 962 ἐρεθίζονται
1114 878 1195 944 κατὰ
1210 884 1274 944 τῶν
1289 887 1414 952 πλον-5

277 972 354 1036 σίων
379 972 431 1036 καὶ
458 970 514 1036 τόν
544 967 706 1055 βάναυσον
732 971 825 1058 όχλαν
847 976 928 1043 κατά
947 984 1012 1044 τῶν
1026 977 1103 1066 δόξῃ
1126 981 1179 1046 καὶ
1197 982 1273 1067 γένει
1288 983 1389 1070 προό-

276 1070 414 1158 χόντων·
438 1073 491 1139 ’ίνα
513 1080 576 1140 τῶν
600 1073 699 1153 οὕτως
720 1075 853 1161 ἐχόντων
873 1080 908 1145 ἐκ
928 1081 1026 1164 μίααυ
1040 1083 1228 1167 γεναμένων,
1256 1084 1389 1172 εόχερῶς

249 1175 371 1242 Debent
385 1182 441 1260 τῆς
456 1175 554 1262 άρχῆς
570 1179 725 1266 ἐγκρατεῖς
737 1189 934 1263 roraverint,
960 1186 1059 1270 μηδίν
1074 1183 1207 1254 ὁθενοῦν
1219 1187 1389 1256 ἀντίπαλον

278 1275 484 1367 όφορῶμενοι.
512 1283 563 1347 καί
575 1282 680 1365 μέντοι
695 1284 746 1349 καλ
760 1284 880 1370 γίγονεν
896 1289 1040 1354 ἐντεῦθεν
1054 1292 1183 1375 μεγίστη
1199 1293 1250 1356 καί
1265 1297 1390 1358 πολυει-

278 1382 337 1466 δὴς
352 1383 464 1469 φθορά
476 1391 618 1470 πανταχῆ
633 1391 696 1456 τῶν
710 1383 890 1471 Ῥωμαϊκῶν
903 1391 936 1456 ἐν
950 1398 1064 1478 βραχεῖ
1080 1392 1288 1479 πραγμάτων,
1317 1395 1387 1460 οἵαν
1394 1409 1431 1462 10

279 1485 379 1562 οὐδεὶς
401 1487 433 1552 ἐν
454 1493 567 1573 βραχεῖ
584 1495 785 1576 παραστῆσαι
808 1488 939 1560 δόναται
955 1492 1057 1580 λόγος.
1111 1495 1184 1586 (Ζ.)
1207 1493 1245 1563 ‘0
1258 1498 1317 1578 μὲν
1333 1491 1389 1564 σόν

278 1590 537 1674 Καντακαυζηνός
558 1590 647 1657 οόδέν
668 1593 883 1672 ἐπιδείξασθαι
901 1591 1026 1684 θάρσος
1044 1596 1189 1678 ἐβοόλετο
1198 1649 1208 1678 ,
1236 1599 1303 1666 οὐδ’
1319 1601 1390 1666 ἐπε-

275 1695 370 1780 χείρει
386 1692 464 1780 πρός
476 1694 566 1760 οόδίν
579 1700 643 1760 τῶν
656 1691 802 1762 ἁπάντων
815 1701 955 1783 σπουδῆς
968 1699 1065 1782 άξιον,
1085 1698 1137 1766 oia
1150 1709 1276 1790 φιλοῦσι
1291 1714 1389 1769 ποιεῖν

280 1797 312 1862 οῖ
321 1793 473 1872 ταιοόταις
493 1798 696 1885 ἐγχειροῦντες
721 1801 774 1864 καὶ
786 1801 867 1886 πρός
880 1809 1011 1868 τοιαῦτα
1023 1800 1141 1890 πελάγη
1154 1805 1385 1883 συνελαθέντες·

250 1899 351 1966 Edit
371 1898 472 1983 ίμενεν
490 1897 606 1985 ἥσυχος
619 1899 699 1984 μετά
721 1907 780 1986 τῆς
794 1899 944 1989 ἕπομίνης
962 1905 1047 1996 arioni
1071 1913 1230 1994 στρατιάς.
1257 1904 1316 1991 εἶχε
1330 1909 1390 1996 γάρ
1399 1921 1435 1978 15

281 2000 426 2084 ὁπλίτας,
454 2008 517 2068 τῶν
534 2003 592 2085 μέν
614 2005 684 2069 λίαν
705 2002 841 2087 ἀρίστων
866 2008 919 2072 καλ
942 2005 1033 2096 ῥῶμη
1057 2007 1204 2093 σώματος
1218 2014 1271 2076 καί
1283 2017 1392 2096 ψυχῆς

280 2105 394 2196 άνδρίρ
417 2107 469 2172 καὶ
492 2107 584 2198 πείρρ
605 2104 835 2194 διαφερόντων,
864 2107 935 2197 άχρι
950 2113 1002 2176 καῖ
1026 2113 1059 2187 ἐς
1074 2115 1243 2196 δισχιλίους
1262 2113 1390 2192 ἱππίας·

281 2209 317 2276 οἳ
337 2213 389 2275 καὶ
412 2207 447 2275 τδ
469 2207 528 2274 σόν
549 2209 634 2296 αὐτῷ
658 2215 766 2276 θανεῖν
793 2217 899 2300 πολλῷ
922 2211 1104 2302 τιμιάτερον
1120 2208 1203 2300 ἦσαν
1216 2213 1391 2302 ἧγοόμεναι,

192 2303 196 2312 “
280 2311 399 2399 ἢπλὴν
416 2309 513 2378 αόταῦ
529 2315 582 2398 ζῇν
594 2311 665 2399 άχρι
675 2319 751 2394 μιῶς
764 2339 849 2391 τινος
862 2321 920 2399 τῆς
930 2313 1055 2404 ἡμίρας.
1084 2317 1116 2382 οῖ
1126 2320 1184 2402 μέν
1197 2313 1253 2385 σόν
1263 2317 1393 2404 λογάδες

251 2424 415 2484 Ιῖτοιαῦτοι
428 2416 480 2482 καὶ
494 2421 639 2482 τοσοῦτοι
652 2416 706 2482 τόν
719 2416 858 2503 ἀριθμόν
871 2411 954 2502 ἦσαν
967 2420 1064 2508 αὐτῷ·
1091 2421 1122 2485 οῖ
1136 2422 1172 2487 δέ
1182 2423 1257 2504 μετ’
1274 2421 1439 2500 αδταδςω

279 2517 462 2604 ταττόμενοι
488 2520 537 2595 δὶς
558 2525 712 2586 τοσαῦται.
765 2519 842 2611 (Η.)
867 2520 996 2598 Ἐκεῖνος
1012 2515 1140 2606 μὲνοόν
1162 2522 1392 2613 διεπρεσβεύετο

282 2624 361 2711 πρός
372 2622 446 2700 τοός
460 2622 650 2703 Βυζαντίους
662 2621 702 2688 τά
716 2625 794 2711 πρὸς
807 2621 929 2712 εἰρήνην
940 2625 1050 2709 συχνά,
1078 2628 1206 2694 καὶτῶν
1222 2634 1394 2712 βασιλικῶν

281 2733 339 2794 τοῦ
362 2723 493 2813 συζόγου
513 2726 570 2812 τὴν
590 2729 740 2809 βασιλίδα
764 2727 967 2812 ἀνεμίμνησκε
990 2731 1153 2814 διαθηκῶν
1169 2733 1222 2796 καί
1245 2732 1391 2813 ἐντολῶν,

282 2827 322 2908 ἃς
333 2831 445 2908 ἐκεῖνος
457 2829 501 2897 ότι
515 2833 575 2911 ζῶν
589 2829 669 2920 αὐτῇ
685 2833 849 2912 διετίθετο,
876 2832 949 2920 περί
963 2857 996 2900 τε
1011 2829 1125 2918 κη’δαυς
1137 2839 1195 2900 τοῦ
1210 2832 1282 2902 νίαυ
1296 2841 1394 2919 βασι-

280 3062 410 3120 canonem
425 3063 515 3134 itaque
529 3061 615 3129 nanti,
640 3079 717 3148 qoem
734 3064 892 3134 expetebant
909 3061 1026 3135 pridem,
1042 3063 1174 3134 praeoniee
1192 3065 1332 3136 Byzantini
1346 3083 1395 3136 per

281 3151 370 3188 omnen
384 3141 412 3186 et
426 3135 573 3202 provinciae
590 3143 618 3187 et
631 3134 752 3188 civitaten
770 3133 908 3187 fasciculos
924 3134 1062 3186 mittebant
1079 3135 1238 3199 litterarum,
1255 3137 1394 3190 anathema

281 3210 312 3258 et
330 3203 471 3257 interdicte
490 3201 672 3256 continentium
690 3201 815 3256 adversae
836 3221 897 3267 eoa,
921 3203 969 3272 qui
989 3203 1064 3256 amici
1090 3212 1178 3258 eaaent
1200 3205 1395 3270 ennoean,

282 3272 410 3341 eimuique
429 3279 457 3324 et
475 3272 574 3342 plebem
596 3287 694 3324 omnem
710 3271 737 3322 in
758 3271 853 3324 divitae
869 3271 1041 3336 irritantium,
1060 3276 1087 3325 et
1105 3273 1289 3326 ιαετααυιτίεεα
1306 3273 1396 3326 multi-

284 3340 439 3396 ordinante
455 3357 500 3394 ene
512 3341 559 3410 qui
573 3339 700 3408 dignitate
713 3347 741 3393 et
754 3357 851 3409 genere
868 3340 1027 3392 eminebant:
1048 3349 1079 3394 ut
1091 3341 1201 3395 mblatia
1215 3340 1345 3395 demedio
1362 3342 1396 3396 iia

284 3411 331 3482 qui
347 3410 414 3464 talea
429 3417 519 3474 erant,
536 3409 613 3462 facile
627 3409 680 3480 ipei
699 3426 784 3464 rerum
803 3408 957 3462 dominatum
972 3408 1138 3475 invaderent,
1156 3409 1222 3463 nibil
1252 3427 1396 3480 uanumque

284 3497 319 3533 ex
333 3486 408 3549 parte
422 3479 576 3532 eontrarium
588 3483 785 3548 suspectumque
798 3478 922 3532 babituri.
955 3478 992 3530 Et
1004 3486 1076 3532 berte
1087 3477 1197 3532 maxima
1210 3428 1272 3532 iaie
1285 3496 1318 3532 ao
1330 3479 1397 3556 αεαλ·

284 3549 368 3632 εἰρλωι
385 3548 521 3602 universae
539 3549 578 3602 rei
594 3549 725 3602 Romanae
744 3546 831 3601 eiadee
847 3547 923 3601 brevi
941 3553 1033 3600 exorta
1048 3557 1105 3612 aot,
1122 3549 1222 3619 qualern
1242 3546 1331 3618 panoia
1348 3565 1397 3602 ex·

282 3634 393 3688 premere
413 3618 482 3671 nniia
502 3618 586 3688 poenit
604 3617 698 3673 oratio.
733 3615 825 3686 (vu.)
842 3615 1038 3670 Cantaonzenua
1055 3634 1120 3670 vero
1136 3617 1207 3670 nulla
1223 3634 1252 3670 re
1270 3619 1397 3672 annaoen

281 3704 313 3741 aa
326 3687 478 3752 obtendere,
495 3688 557 3740 nihii
574 3687 684 3756 aggredi
696 3687 819 3751 volebat,
836 3686 906 3755 qnod
921 3702 1017 3756 operae
1037 3685 1147 3754 pretinm
1163 3693 1248 3751 εοεαε,
1266 3693 1297 3738 ut
1311 3685 1397 3740 aolent

281 3755 363 3825 iiqui
375 3755 438 3810 taiia
452 3757 600 3825 inceptant,
627 3764 655 3809 et
674 3755 702 3809 in
718 3775 763 3809 ene
783 3773 869 3809 rernm
889 3764 977 3808 aestua
995 3753 1121 3825 onmpulai
1136 3762 1213 3818 annt3
1230 3754 1278 3807 aed
1292 3754 1396 3824 quieta·

282 3841 342 3878 αααι
355 3843 402 3878 auo
417 3827 534 3878 exercitu
552 3827 680 3880 manebat.
715 3825 837 3879 Habebat
850 3825 918 3878 eninr
938 3828 1107 3887 meorum,
1126 3839 1214 3876 eorum
1229 3824 1333 3907 inquam
1350 3821 1398 3893 qni

282 3893 361 3963 longe
376 3894 510 3948 iortiaaimi
525 3903 612 3948 essent
629 3901 656 3948 et
671 3896 765 3948 robore
788 3901 841 3948 tam
856 3892 934 3947 animi
954 3909 1031 3962 qnam
1047 3893 1164 3961 corporis
1181 3891 1398 3962 experientiaque

282 3970 463 4034 praestarent,
480 3965 514 4017 ad
529 3963 582 4016 duo
598 3965 712 4034 equitnm
730 3963 825 4026 miliia3
848 3962 942 4034 quibua
960 3961 1041 4014 multo
1058 3961 1241 4032 praestabilius
1258 3959 1398 4015 videbatur

286 4033 353 4086 mori
368 4050 424 4086 oum
437 4051 484 4097 eo,
502 4051 579 4102 quam
594 4033 650 4087 eine
664 4051 695 4087 eo
707 4033 748 4086 vei
762 4049 839 4086 unam
860 4037 959 4084 tanum
973 4029 1041 4084 diem
1060 4031 1158 4084 vivere.
1193 4031 1249 4083 Tot
1263 4030 1352 4099 itaqua
1365 4047 1399 4084 ao

286 4101 354 4156 talea
374 4109 449 4156 erant
468 4102 530 4156 lenti
545 4103 646 4158 militen.
683 4103 738 4167 Qui
760 4112 846 4158 auten
863 4101 1001 4154 aeneadum
1020 4100 1053 4153 ab
1068 4100 1121 4153 iilia
1138 4099 1221 4152 iocum
1241 4099 1400 4162 obtinerent.

287 4169 328 4224 bie
348 4172 457 4226 totidem
474 4179 556 4226 erant.
590 4173 692 4242 (v111.)
713 4172 768 4225 lete
790 4171 872 4241 igitur
891 4170 1043 4239 frequentet
1063 4170 1097 4223 de
1116 4185 1182 4238 paee
1200 4166 1344 4237 legationen
1364 4167 1400 4220 ad

287 4237 447 4310 Byzantinos
468 4242 602 4308 mittebat,
626 4249 654 4294 et
672 4244 818 4312 Augustam
837 4237 1082 4294 commonefaciebat
1102 4256 1132 4290 nr
1151 4253 1237 4291 remae
1255 4235 1399 4290 voluntati·

287 4315 316 4366 et
333 4310 509 4367 mandatorem
523 4311 688 4384 imperatoria
707 4309 826 4382 coniugia
841 4309 898 4374 ani,
915 4326 981 4382 quae
992 4309 1026 4364 ab
1043 4307 1087 4362 ilio
1150 4324 1184 4362 αα
1199 4306 1307 4361 vivente
1320 4322 1400 4360 acoe-
