3067 4792
270 294 369 368 1282
641 300 1002 371 ANNOTATIONES.

354 462 527 567 Ρρς.768,
551 463 599 525 11
645 455 709 539 Τὴν
727 456 854 543 γνάμην
869 464 1047 541 περιφανοῦς
1060 456 1277 544 μετήνεγκε..
1266 453 1375 540 ..τήν
1391 482 1429 523 τε

266 544 388 629 περὶ
350 570 388 609 τα
409 540 497 627 δόγμ.
515 538 641 631 γνάμην
658 544 779 609 έκείνου
795 552 933 628 κυροῦσα
947 546 1020 627 τσο]
1052 548 1119 607 Huc
1136 549 1268 629 pessinet
1279 546 1429 606 Palam

268 636 305 693 ad
333 636 495 711 Augustam
517 633 659 713 epistola,
681 650 758 710 quae
781 643 880 693 exstat
897 634 931 693 in
953 634 1064 694 Codice
1083 635 1177 713 Regio
1198 632 1293 699 2409.
1323 652 1427 712 supr·

267 720 400 794 laudato,
420 718 472 782 sol.
486 722 537 785 58.
558 719 601 779 Ea
617 727 663 778 eat
680 716 836 779 eiusmodi.

332 860 371 931 Γ
367 854 539 953 ρηγορίου
574 850 860 952 α’ρχιεπισκόπον
891 852 1149 951 Θεσσαλονίκης
1179 850 1355 951 εἰιιστολη

384 971 474 1073 πρός
499 970 567 1075 τήν
593 978 782 1073 θεοστεφῆ
805 976 994 1069 βασιλίδα,
1020 968 1135 1073 νευράν
1153 972 1294 1049 Ἀννυν

638 1090 706 1193 τήν
735 1096 1041 1190 Παλαιολογίναν

349 1223 515 1292 0666*
477 1253 574 1303 ουτως
603 1225 844 1315 άναγκαιότατον
874 1225 947 1293 οῦδὲ
971 1222 1211 1293 λυσιτελέστατόν
1227 1252 1260 1291 τε
1281 1224 1346 1307 όμα
1365 1228 1425 1291 καί

267 1314 516 1421 πρεπωδέστατον
548 1322 612 1391 τοῖς
639 1321 696 1379 τοῦ
725 1312 946 1397 Χριστοονόμου
976 1317 1083 1419 γένους
1110 1309 1180 1377 κατ’
1210 1310 1355 1377 εῦδοτίαν
1388 1315 1425 1377 ἐκ

267 1404 349 1463 θεοῦ
370 1396 600 1481 βασιλεύουσιν,
636 1400 677 1475 69
698 1398 733 1466 τό
757 1406 891 1504 χρῆσθαι
916 1406 957 1487 τῇ
978 1398 1105 1481 δυνάμει
1129 1404 1186 1481 τῆς
1207 1400 1240 1462 έκ
1259 1404 1342 1461 θεοῦ
1364 1402 1424 1481 βα-

268 1488 397 1593 σιλείας,
397 1484 504 1591 ῦπέρ
527 1490 582 1565 τῆς
611 1482 714 1549 άϊδέου
740 1490 799 1550 τοῦ
825 1490 907 1549 θεοῦ
928 1489 1093 1567 βασιλείας,
1121 1481 1247 1566 ἣπαροί
1274 1488 1337 1545 τοῖν
1357 1490 1424 1546 νῦν

268 1562 406 1645 αῦθις’
386 1570 600 1650 αντικειμένων
621 1571 696 1675 ἦμῖγ
719 1572 762 1645 είς
783 1574 892 1649 κτίσμα
907 1574 1155 1673 φρενοβλαβεῖς
1145 1574 1342 1631 κατασπᾶται.
1364 1570 1425 1631 καί

267 1661 356 1719 τοῦτο
380 1654 481 1729 συνεὶς
497 1657 585 1761 εἴπερ
606 1680 652 1730 τις
672 1655 689 1721 ό
708 1652 805 1730 πολῦς
832 1656 946 1731 ἐκεῖνος
974 1658 1026 1719 καί
1054 1653 1091 1718 τά
1112 1649 1213 1717 πάντα
1240 1648 1424 1733 θαυμάσιος

269 1740 358 1820 η’μιῦν
380 1737 538 1820 βασιλεῦς,
568 1742 644 1816 έδειξ
629 1745 679 1816 ξεν
708 1742 784 1824 έργῳ
813 1738 871 1820 τήν
897 1744 1054 1822 βασιλείαν
1075 1742 1108 1804 έκ
1128 1746 1209 1803 θεοῦ
1230 1740 1421 1820 δεδεγμένος,
1514 1791 1515 1810 ,

268 1823 321 1888 άτε
345 1829 434 1929 ζῆλον
457 1826 609 1889 ένθεον’
588 1826 665 1906 υπίρ
687 1829 742 1907 τῆς
764 1827 882 1891 ἐκείνου
904 1830 1058 1907 βασιλείας
1080 1822 1280 1930 άνηρημένρς,
1297 1824 1352 1886 καλ
1365 1850 1420 1886 ιτα-
1514 1829 1515 1870 ³

267 1907 422 1985 τασπάσας
450 1913 494 1985 είς
520 1912 604 1985 τέλος
629 1909 701 1985 τοῦς
729 1909 763 1975 τό
791 1909 876 1990 ῦψος
903 1912 1021 1992 ἐκείνης
1047 1916 1212 1974 ταπεινοῦν
1232 1909 1421 2017 ᾑρημένους.
1514 1915 1515 1918 ’

267 2001 356 2059 τοῦτο
378 1994 473 2059 καί
451 2022 472 2076 η
496 1999 638 2078 κρατίστη
662 1995 700 2077 66
723 1998 922 2078 βασιλεία,δ
922 1998 1049 2060 έοποινα
1074 1996 1166 2079 η’μοδν
1187 1994 1277 2077 όγία,
1306 1990 1352 2056 δι’
1373 1989 1422 2057 οἷν
1514 2015 1515 2022 ’

267 2078 328 2161 ἤδη
350 2076 510 2188 πράττεις,
527 2082 659 2185 ἐναργοῦς
681 2086 824 2156 διατελεῖς
839 2088 1036 2187 παριστῶσα·
1057 2084 1109 2144 καί
1134 2084 1186 2188 εἴη
1206 2100 1255 2143 σοι
1271 2105 1331 2160 την
1342 2085 1421 2163 κρᾶ-

267 2170 316 2242 ξιν
331 2167 373 2239 69
386 2160 510 2239 τέλος
475 2174 628 2273 ”ayayem
651 2168 703 2229 καί
720 2164 793 2240 τοῦς
813 2172 854 2253 τῇ
875 2162 1012 2273 εῦσεβείςι
1032 2164 1138 2244 πάλιν,
1161 2166 1202 2240 69
1223 2166 1343 2228 ἐκείνου
1364 2190 1421 2273 μη.
1514 2203 1515 2236 1

267 2244 340 2313 κέθ’
367 2249 442 2333 η’μῖν
472 2248 578 2353 όγτος,
610 2246 743 2326 α’ναιδῦς
773 2248 984 2329 άντιστάντας,
1015 2254 1059 2327 είς
1077 2253 1162 2326 τέλος
1181 2255 1343 2327 καθελεῖν,
1371 2245 1421 2312 ἵν’

267 2336 394 2421 6666,-
420 2332 561 2417 καθάπερ
583 2344 646 2410 τοῖς
668 2336 770 2413 ἄλλοις
799 2332 929 2444 άγαθρῖς
949 2342 1059 2415 κάσιν,
1090 2334 1170 2400 οῦτοι
1191 2330 1296 2398 καλ
1263 2360 1319 2398 τον
1339 2334 1420 2417 ῦτὲρ

267 2426 346 2483 θεοῦ
369 2424 459 2523 ζηλον
483 2416 654 2495 ἰσοστάσιος
677 2424 751 2501 εἴης.
782 2422 847 2485 έπελ
869 2421 902 2485 δὲ
925 2428 969 2507 τῷ
988 2420 1161 2525 θεοκινήτςο
1183 2416 1262 2503 ζήλῳ
1283 2444 1343 2500 την
1363 2424 1418 2501 βα·
1514 2407 1515 2428 ’

268 2502 466 2611 σιλικοετάτην
487 2502 562 2570 ἐν’
542 2514 662 2589 αρεταῖς
682 2507 926 2611 συγκεκραμένην
947 2487 1055 2587 ’έχοντα
1076 2504 1234 2615 φρόνησιν,
1257 2509 1352 2585 ζητεῖς
1365 2530 1418 2566 κα

267 2596 328 2666 λεός
348 2597 480 2655 ποιοῦσα
501 2601 614 2673 μαθεῖν
635 2590 676 2699 ρίς
698 2592 730 2656 έν
752 2588 885 2679 έπιτόμιμ
907 2592 959 2655 καί
980 2591 1056 2656 κατά
1076 2617 1110 2657 το
1099 2590 1284 2694 ἐγχωροῦν
1298 2594 1417 2668 σαφοῦς,

267 2674 304 2779 τηί
330 2672 405 2757 παρ’
425 2676 515 2757 6666
535 2678 585 2740 καί
612 2675 673 2783 τὴν
698 2657 910 2786 άντιθέτρον*
887 2683 978 2781 ημαῑν
998 2679 1051 2741 καὶ
1064 2672 1270 2785 6²6⁰v⁰¹56⁸m
1290 2675 1345 2737 καὶ
1365 2681 1417 2736 λε-

267 2755 379 2868 γόμενα
399 2763 468 2843 περί
490 2768 546 2826 τοῦ
565 2758 728 2826 θειοτάτου
751 2760 868 2843 φωτός,
912 2758 992 2826 οῦτοι
1020 2759 1107 2825 ταῦτ’
1136 2762 1205 2863 ἔχει.
1275 2760 1340 2822 Καὶ
1359 2784 1419 2841 την

268 2841 378 2909 οῦσίαν
405 2852 463 2910 τοῦ
488 2854 568 2911 θεοῦ
593 2845 673 2911 οἰ”
653 2872 735 2953 αγιοι
761 2850 842 2911 ἔστιν
870 2840 910 2911 οῦ
926 2844 1062 2951 θεότητα
1083 2842 1283 2928 σ’νομάζουσι,
1310 2842 1417 2907 καὶ
1384 2870 1419 2908 το

267 2936 336 3009 φῦς
356 2927 434 2993 καθ’
464 2928 626 3012 δλάμψας
654 2928 875 3037 άπορρήτως*
856 2958 873 2997 ο
895 2929 1017 3039 κῦριος
1028 2932 1119 3014 ἦμοῖν
1146 2928 1262 3010 Ἰησοῦς
1285 2927 1417 3012 Χριστός

267 3014 318 3079 έπί
338 3021 395 3078 τοῦ
412 3016 630 3123 Θαβτορίου”
601 3042 703 3122 ορους
727 3013 935 3125 περιήστραψε
961 3016 1033 3125 τοῦς
1055 3012 1286 3097 συναναβάντας
1308 3023 1415 3116 μαθη-

266 3096 338 3179 τάς,
361 3094 495 3181 θεότητα
516 3096 723 3179 ὀνομάζουσιν.
747 3103 788 3177 69
809 3096 867 3166 οῦν
887 3103 977 3210 η’μηῖν
998 3102 1137 3167 όίκτιστον
1158 3098 1237 3165 εἶναι
1257 3096 1417 3207 φρονοῦν·

266 3208 327 3247 των
348 3183 421 3266 μετά
443 3192 497 3267 τῆς
517 3186 595 3291 άπίρ
616 3194 718 3251 πᾶσαν
741 3188 889 3290 έκφανσιγ
910 3184 1033 3267 ου’σίας,
1062 3188 1115 3252 καί
1142 3212 1200 3267 την
1227 3194 1291 3259 τοῖς
1319 3180 1416 3260 ἆξίοις

267 3270 511 3352 διαφαινομένην
531 3296 646 3352 ταυτην
660 3274 819 3353 έλλαμψιν,
842 3267 900 3337 δόο
914 3272 1063 3355 θεότητος
1083 3268 1243 3345 α’κτίστους
1263 3268 1415 3373 πρεσβεῦ-

267 3378 323 3435 ειν,
347 3354 566 3460 διτερκειμένην
583 3358 634 3419 καί
610 3357 866 3465 ῦφειμένην’
848 3384 865 3422 ο
885 3354 1058 3435 Ἀκίνδυνος
1078 3363 1251 3442 κατηγορεῖ,
1271 3352 1415 3458 καθάπερ

266 3440 365 3503 καλ’
348 3467 364 3506 ο
391 3438 545 3523 Βαρλαάμ.
578 3436 670 3517 αάτδς
699 3443 732 3505 δέ
762 3468 862 3525 μονην
891 3442 1030 3508 ίίκτιστον
1060 3441 1140 3507 είναι
1168 3444 1246 3524 λέγει
1275 3435 1414 3520 θεότητα,
1514 3463 1516 3481 ¹

267 3522 409 3609 καθάπερ
437 3527 490 3591 καί
517 3522 665 3609 πρότερον
692 3528 823 3605 έκεῖνος,
860 3526 918 3608 τήν
946 3525 1055 3593 ου’σίαν
1081 3534 1138 3591 τοῦ
1163 3532 1355 3606 θεοῦ·την
1326 3522 1415 3586 66
1440 3524 1446 3535 “

266 3612 358 3673 θείαν
383 3612 502 3695 ἐκείνην
524 3614 700 3695 έλλαμψιν,
696 3609 842 3695 κτιστήν.
870 3614 935 3677 ἐπεὶ
960 3612 993 3677 δέ
1014 3611 1138 3695 κτιστην
1161 3608 1239 3675 εἶναι
1259 3607 1414 3716 λέγειτην

266 3698 358 3759 θείαν
380 3698 529 3780 έλλαμψιν
545 3698 684 3805 έκείνην,
705 3698 757 3761 καλ
771 3696 1080 3779 ῦφειμένηνείναιέ
1047 3699 1080 3762 λέ
1080 3722 1125 3782 γει
1145 3692 1276 3771 πάντως.
1298 3689 1414 3758 οῦκοῦν

266 3775 324 3845 δάο
296 3782 424 3893 λέγει
445 3778 554 3847 κάλ’
514 3781 607 3893 αρτδς
625 3778 783 3889 θεότητος,
803 3784 1023 3890 ῦπερκειμένην
1042 3784 1095 3848 καὶ
1113 3782 1293 3863 ῦφειμένην.
1316 3802 1412 3859 φανε-

266 3864 323 3949 ρδν
345 3893 402 3932 ουν
425 3868 467 3944 69
487 3868 566 3950 πρδς
587 3865 709 3950 άπάτην
730 3874 792 3931 νῦν
814 3864 1007 3951 άκουόντων,
1043 3894 1101 3949 την
1120 3866 1344 3974 ῦπερκειμένην
1363 3864 1413 3927 καλ

265 3952 436 4061 66666666
457 3952 547 4036 ἡμῶν
568 3960 730 4061 κατηγορεῖ
747 3949 890 4035 θεότητα.
919 3960 1008 4019 τοῦτο
1031 3955 1063 4018 δέ
1084 3956 1164 4019 έσιιν
1182 3948 1330 4057 άληθῶς
1331 3944 1413 4014 δι’“
1395 3976 1411 4013 ο

266 4036 357 4117 6666
378 4046 552 4123 κατηγορεῖ,
580 4034 627 4102 ότι
647 4036 682 4103 τό
703 4046 793 4103 θεῖον
815 4040 867 4105 καλ
894 4033 1067 4121 άπόρβητον
1088 4040 1185 4103 έκεῖνο
1207 4042 1292 4115 φῶς,
1313 4033 1331 4099 ’δ
1350 4058 1413 4098 κτι-

267 4121 335 4187 στδν
358 4118 438 4189 εἷναί
458 4144 556 4226 φησιν
575 4120 680 4201 αῦτδς,
689 4121 845 4273 ἕόίκτιστρν
867 4122 946 4189 εἶναι
966 4120 1215 4232 πρερβεάομεν’
1192 4128 1296 4229 ημεῖς,
1317 4116 1412 4183 καθό-

266 4230 322 4292 περ
345 4210 379 4274 οἵ
396 4232 428 4275 τε
454 4204 608 4294 θεοφόροι
628 4208 754 4294 πατέρες
774 4211 826 4275 καὶ
842 4208 972 4293 Χριστός
993 4206 1083 4286 αῦτός
1104 4210 1123 4275 δ
1140 4232 1217 4273 κατα
1232 4210 1323 4271 τοῦτο
1339 4200 1412 4287 λάμ-
