3067 4792
274 262 352 345 742
582 275 821 351 NICEPHOBI
840 278 1084 434 Gnsspoltnlt

108 442 137 495 Δ.
150 440 183 493 ll.
195 434 326 507 ennean
347 436 403 505 ris
425 440 483 507 rosi
505 434 698 509 Ἀποκαιίκον
717 444 819 511 παῖδα
838 441 962 531 δηλαδὴ
987 444 1040 512 καί
1059 442 1120 532 sir
1144 442 1307 535 ιἰφαίρεσιν
1321 450 1380 533 τῆς

204 514 237 569 ²³
270 543 438 629 ἐπιτροπῆς
460 541 606 627 ἀπεχθῶς
624 546 813 629 διακείμενος
826 548 905 635 πρὸς
925 544 1031 615 αὐτόν.
1058 548 1121 615 ἐπεί
1137 549 1171 617 δ’
1187 547 1380 629 Ἀπόκαυκος

271 648 328 729 μὲν
342 648 376 724 ἐξ
390 643 568 735 ἀνθρώπων
587 639 641 731 ἦν,
670 645 829 735 ἇγοίνισμα
843 653 952 739 ξίφους
964 647 1125 735 γενόμενος
1129 699 1141 734 ,
1169 654 1221 718 καὶ
1235 651 1294 719 ἐδει
1310 656 1379 717 Βο-

141 512 193 563 lud.

271 750 402 833 ζαντίοις
428 748 543 836 ἀνδρὸς
572 751 764 839 θερμοτέρου
797 755 849 819 καὶ
871 750 1060 842 δραστήριον
1083 755 1219 830 ἐπιεικῶς
1252 754 1378 838 ἐχοντος

270 850 435 941 φρόνημα,
463 848 632 939 γράμματα
653 852 762 942 ἐφοίτα
780 855 881 940 συχνδ
909 855 988 943 πρὸς
1015 863 1073 942 τῆς
1094 856 1397 943 βασιλίδοςἌννηςό

174 956 375 1045 vilissimi,
395 964 524 1040 μακρῶν
538 958 663 1045 δωρεῶν
677 960 729 1023 καὶ
748 956 932 1043 ἀξιωμάτων
947 961 1126 1046 ἐπαγγελίας
1142 962 1321 1044 κομίζοντα,
1350 963 1378 1025 si

238 1057 415 1145 cssov'tono
432 1055 576 1143 διάδοχος
593 1059 696 1127 ἐλθὼν
711 1069 903 1146 καταστῆναι
919 1064 971 1127 καὶ
989 1069 1107 1148 βουλῆς
1122 1065 1174 1127 καὶ
1187 1059 1311 1149 τρόπων
1324 1065 1376 1129 καλ

270 1159 372 1231 δάλων
385 1165 655 1247 Καντακουζηνοῢ.
682 1170 785 1229 ταῦτα
801 1164 859 1249 τὴν
873 1167 988 1232 ἐκείνου
1001 1163 1140 1231 διάνοιαν
1154 1165 1301 1251 ἔθραυσε,
1324 1167 1378 1232 καί

267 1265 328 1351 τὴν
342 1262 465 1351 γνώμην
477 1262 674 1351 μετήνεγκεν·
697 1270 818 1335 καὶτοῦ
833 1276 941 1353 καιροῦ
953 1266 1097 1355 καθάπερ
1113 1266 1266 1355 ὀστράκου
1278 1294 1377 1352 μετα-

269 1367 433 1449 πεσόντος,
460 1371 553 1435 πλείω
575 1369 632 1453 τὴν
654 1372 834 1454 συμμαχίδα
856 1368 987 1455 δύναμιν
1010 1373 1043 1435 ἐκ
1069 1375 1204 1456 Περσῶν
1224 1372 1375 1456 μετεπίμ-
1384 1379 1420 1435 10

268 1493 364 1538 πετο·
392 1474 444 1538 καί
466 1471 565 1555 συχνδ
586 1474 782 1559 κατατρέχων
799 1470 893 1560 ἐδῄου
911 1476 963 1539 καλ
977 1473 1047 1539 ἐκαε
1060 1474 1118 1550 τάς
1131 1480 1176 1562 τῷ
1188 1476 1375 1540 Καντακον-

270 1574 350 1665 {ppt
373 1576 638 1665 προσεῤῥυηκοίας
657 1574 765 1663 χώρας
782 1579 835 1642 καί
850 1574 953 1653 πόλεις
959 1626 971 1657 ,
999 1579 1051 1643 καὶ
1065 1575 1105 1642 τδ
1120 1582 1183 1643 τῶν
1197 1579 1376 1656 Βυζαντίων
1415 1661 1418 1665 .

267 1675 372 1745 ἐπειθε
395 1676 498 1770 ῥᾷστα
526 1689 650 1765 φρονεῖν
656 1727 667 1759 ,
701 1679 760 1764 τὴν
783 1680 957 1751 ἐνεστῶσαν
982 1677 1117 1766 άνάγκην
1149 1676 1375 1766 διαδιδράσκειν

235 1782 447 1858 Βέθέλοντας.
483 1778 554 1871 (Δ.)
576 1780 660 1845 Ἀλλ’
681 1781 755 1848 οὐδ’
773 1782 868 1860 critic
881 1790 938 1867 τῆς
949 1780 1097 1867 τοιαύτης
1109 1781 1211 1849 ὤνατο
1225 1786 1373 1866 σπονδῆς.

268 1886 332 1955 ἐπεὶ
348 1885 408 1971 γάρ
424 1880 708 1970 ὃΚαντακουζηνδς
720 1883 778 1971 τὴν
793 1885 987 1974 διαστροφὴν
1000 1888 1051 1950 καὶ
1063 1882 1231 1969 μετάθεσιν
1244 1892 1300 1969 τῆς
1316 1891 1372 1950 τοῦ
1383 1892 1419 1951 15

267 1985 415 2074 Βατάτζη
438 1984 580 2071 διακήκοε
605 1984 746 2073 γνάμης,
773 1987 906 2073 τάχιστα
921 1989 1108 2055 σννίστειλεν
1125 1990 1168 2065 εἰς
1182 1986 1224 2053 τά
1240 1985 1376 2075 φροάρια

265 2087 387 2167 πάντας
417 2090 556 2177 καρποὺς
581 2086 659 2173 ὁμοῦ
686 2101 752 2169 τοῖς
782 2089 964 2179 ἀνθρώποις
988 2094 1041 2157 καλ
1070 2101 1135 2168 τοῖς
1164 2088 1373 2176 βοσκήμασιν,

266 2192 416 2275 ἐπειπὼν,
445 2188 488 2269 ῶς
502 2190 621 2280 εῧρήσει
638 2192 695 2271 τάς
715 2202 774 2279 τῆς
793 2196 949 2282 ἐπιορκίας
961 2195 1085 2273 ἐκτίσεις
1100 2192 1179 2282 πρὸς
1197 2200 1254 2259 τοῦ
1270 2194 1376 2281 ἐπιορ-

265 2296 417 2379 κοιιμένου
434 2302 531 2361 θεοῦ·
559 2292 602 2371 ῶς
623 2297 768 2363 ἐντεῦθεν
785 2296 922 2364 ἐλθάντα
942 2298 1023 2382 μετὰ
1035 2305 1092 2381 τῆς
1104 2302 1263 2384 Περσικῆς
1279 2292 1377 2361 δυνά-

263 2424 348 2480 μεως
363 2396 529 2483 Βατάτζην
549 2396 676 2486 ἐρήμοις
697 2425 730 2466 τε
752 2398 943 2488 ἐντυγχάνειν
964 2398 1135 2485 οίκητάρων
1168 2410 1237 2476 ταῖς
1256 2396 1419 2487 χάραιςῐο

234 2503 321 2567 Euat
338 2513 409 2579 ταῖς
421 2498 513 2579 πάαις
533 2500 605 2567 άνευ
625 2500 854 2588 βοσκημάτων,
881 2506 933 2569 καὶ
956 2510 1036 2591 λιμῶ
1052 2502 1104 2566 διά
1117 2507 1217 2568 ταῦτα
1236 2502 1376 2586 πιεζομέ-

263 2628 339 2682 νους
369 2602 539 2691 ἐπάγεσθαι
560 2604 698 2690 Πέρσας.
724 2613 827 2677 ταῦτα
851 2607 938 2695 παρά
960 2606 1017 2679 τὰς
1043 2605 1221 2689 ἐπαγγελίας
1244 2604 1377 2680 καὶτὰς

266 2708 427 2797 ἐμβριθεῖς
454 2708 570 2785 ἐκείνας
601 2710 728 2785 ἐλπίδας
751 2710 960 2790 θεασαμένοις
986 2717 1054 2784 τοῖς
1076 2704 1251 2795 βαρβάροις
1276 2706 1375 2792 ἄχθε-

336 2890 363 2945 8·
379 2888 445 2943 Post
461 2883 554 2945 δόλων
570 2886 645 2943 Βοὶτ.
664 2888 793 2957 excidisse
809 2891 886 2961 putet
901 2888 955 2944 resi
965 2880 1137 2942 Ἀποκαίκοο
1152 2882 1226 2942 κατά
1244 2886 1306 2943 τοῦ.

264 3038 327 3099 linis
337 3040 463 3093 Betttnes
476 3040 543 3106 fuit,
559 3040 593 3096 nb
612 3042 779 3111 subrogatum
798 3039 1065 3111 videlicetnlpncsuci
1084 3040 1166 3095 filium
1182 3044 1211 3095 et
1229 3040 1303 3095 niem
1321 3046 1375 3096 tum

263 3110 315 3165 sibi
336 3110 525 3179 praefecturam
543 3111 647 3181 ipsimet
661 3114 799 3181 Apccnuco
809 3110 935 3165 intensus.
970 3111 1022 3163 Ubi
1034 3119 1118 3164 nutem
1130 3117 1291 3179 Apoenncus,
1315 3129 1373 3165 erro

264 3179 452 3247 interemptus,
470 3180 568 3235 evivit
588 3184 715 3245 excessit,
740 3198 798 3234 cnm
813 3180 961 3247 indigerent
975 3180 1116 3247 Byzantini
1139 3180 1195 3233 vinc
1214 3180 1270 3233 scri
1287 3186 1315 3234 et
1332 3196 1374 3247 en,

265 3248 339 3303 cuius
353 3247 450 3301 enimus
465 3258 536 3302 esset
552 3250 584 3303 ed
600 3250 726 3319 quidlibet
738 3250 883 3303 cudendum
895 3249 1112 3319 promptissimus,
1130 3250 1279 3319 frequentes
1292 3249 1325 3302 nd
1340 3249 1374 3303 il-

264 3316 318 3371 lum
331 3318 420 3371 nunes
437 3316 609 3386 imperatricis
624 3318 729 3372 litterae
745 3319 948 3389 perlenesunt,
968 3336 1014 3387 per
1029 3335 1095 3388 ques
1111 3336 1205 3387 magus
1221 3318 1246 3372 ei
1268 3335 1373 3371 rnuners

262 3401 426 3509 prsgpseque
440 3386 582 3512 dignitntps
598 3388 829 3511 promittebpsppur,
847 3387 965 3511 skpeilppt
977 3397 1005 3440 et
1020 3388 1180 3509 censilinrpm
1195 3396 1222 3439 et
1233 3404 1326 3509 meppp
1345 3396 1374 3440 et

276 3473 322 3509 reu
342 3472 383 3509 um
402 3473 538 3511 successor
594 3474 688 3511 οοιιιιοο
703 3474 759 3511 cxrs
788 3475 825 3511 re.
947 3474 988 3509 rus
1008 3473 1117 3509 animum
1193 3474 1245 3510 ere.
1341 3474 1375 3509 ue

262 3533 362 3579 mutstn
377 3526 524 3593 sententie,
547 3476 673 3583 οοέιτοτεο
691 3534 810 3581 tesseres
829 3527 913 3580 inetur
929 3542 1015 3579 rerum
1037 3533 1123 3591 stetu,
1145 3472 1248 3579 ¹niffinrn
1264 3474 1375 3580 arusinis

263 3594 401 3649 Persarum
413 3595 523 3661 anxilis3
537 3597 636 3650 crebris
648 3596 838 3650 incursionibus
849 3602 936 3649 vestet
949 3603 977 3648 et
989 3595 1104 3649 incendit
1114 3594 1234 3663 regiones
1245 3599 1273 3649 et
1285 3596 1374 3660 urbes,

264 3680 332 3733 quse
351 3663 384 3715 sd
403 3664 613 3719 Centscuzennm
628 3664 808 3730 desciverunt3
826 3670 854 3721 et
865 3664 986 3719 facillime
1000 3682 1044 3717 ess
1058 3664 1183 3735 impellit,
1200 3666 1223 3719 si
1239 3682 1272 3717 nr
1290 3672 1373 3717 entem

263 3731 445 3786 necessitatem
461 3734 578 3804 elingere
592 3734 688 3800 velint,
705 3736 768 3789 utB
821 3736 931 3789 ntiorum
943 3740 1032 3803 peries
1045 3743 1196 3817 sequestris.
1229 3683 1304 3803 (Ιλί.)
1319 3732 1374 3786 Sed

263 3818 312 3853 nec
329 3798 387 3871 ipse
405 3804 515 3857 fructum
533 3804 611 3857 ullum
625 3820 657 3857 ex
671 3804 720 3859 lunc
732 3822 773 3857 mn
783 3804 863 3858 'tione
876 3803 1001 3873 percepit
1036 3804 1091 3857 Ubr
1104 3804 1170 3857 enim
1183 3820 1331 3873 perversam
1346 3808 1374 3857 et

262 3875 385 3925 mutntem
397 3871 524 3927 Batntzne
535 3875 687 3927 sententiam
703 3875 902 3927 Centncuzenns
920 3874 1036 3937 sudisit,
1058 3874 1148 3926 stetim
1164 3874 1265 3927 tructus
1285 3888 1373 3926 omnes

263 3956 321 3994 cum
341 3940 485 3995 hominibus
504 3959 535 3995 sc
556 3944 647 3996 bestiis
666 3942 839 4025 coepitium
854 3941 974 4006 mstelln3
999 3950 1054 3995 turn
1070 3941 1142 3995 illum
1163 3941 1231 3996 dixis
1252 3941 1373 3995 luiturum

263 4010 435 4080 periuriorum
448 4027 545 4080 poenas
559 4014 654 4066 numini
669 4012 791 4083 penuriis
806 4012 914 4067 offenso.
939 4012 1172 4081 munereque,
1190 4010 1304 4066 Persicis
1315 4026 1373 4063 cnm

264 4079 349 4149 copiis
364 4097 421 4133 mcx
435 4080 589 4146 adveniens,
607 4098 703 4136 unctes
719 4082 860 4136 cultoribus
874 4080 994 4151 regiones
1008 4088 1036 4135 ct
1048 4080 1104 4135 sine
1116 4080 1208 4133 bestiis
1220 4097 1317 4151 psscus
1332 4080 1375 4132 in·

263 4148 450 4273 '‘numu-⁰
461 4150 639 4275 lriupnisctum²
655 4158 685 4205 ut
692 4152 805 4276 Persppp
810 4170 876 4275 qubus
888 4150 1030 4274 ducelullp„
1027 4150 1095 4204 inme
1108 4146 1374 4283 hippiuentdang

265 4234 324 4272 cum
401 4234 504 4274 ατιοοα
558 4238 696 4294 promisse,
713 4238 762 4275 nnn
818 4236 960 4275 nectimus
1044 4236 1149 4292 spes,p
1200 4234 1271 4274 sert
1289 4234 1351 4272 eren
