3067 4792
368 267 605 362 nunonem
619 289 902 362 euznuuuuu
915 289 1007 360 και.
1022 300 1052 366 ο.
1156 283 1257 360 noes
1332 279 1336 288 ·

155 451 275 542 ἀθόνην
294 461 352 542 τῆς
372 451 496 542 γνιόμης
512 457 551 524 τδ
576 461 633 522 τού
651 453 806 537 βασιλίως
826 452 947 540 ίχοντες
960 461 1085 541 ’πνεύμα
1109 452 1254 526 Σκύλλαύ
1268 470 1340 524 Δια
1355 467 1422 524 1851

154 559 307 647 πελάγους
318 564 369 626 καλ
385 557 553 647 Χάρυβδιν
564 559 692 626 ἅπασαν
709 556 836 646 κούφας
852 558 1007 641 διίπλεον,
1035 561 1178 644 ίμποδάν
1199 541 1425 660 od-fflffifgm'

154 663 242 739 δενδς
256 670 319 731 τῶν
333 661 479 730 ἁπάντων
497 663 737 746 καθισταμένου.
766 661 843 728 ὅθεν
858 661 898 728 τά
919 659 1094 750 βλάσφημα
1113 659 1257 750 δόγματα
1403 670 1415 688 “’

155 769 207 832 καλ
220 767 278 843 τάς
293 766 437 843 ἀνοσίους
450 767 581 850 βίβλους
595 768 711 842 ἐκείνας
724 765 756 844 ίς
770 763 920 850 δημόσιον
940 763 1140 852 ἀνεγνωκότες
1158 765 1287 833 ἀνευ-Β
1311 791 1314 797 ·
1392 768 1397 777 “

129 878 242 952 5ὀμα,
270 881 340 946 ταῖς
357 866 513 954 ἡμῶνκαὶ
528 877 586 954 τῆς
602 868 756 952 εάαεβείας
775 867 902 954 ύβρεσιν
917 867 1166 955 ἀνακεκραμίνα,
1191 871 1259 936 πεί-

154 979 270 1039 θουσιν
293 972 404 1039 αάτίκα
419 970 507 1055 μάλα
530 971 583 1040 τόν
603 973 734 1056 βασιλέα
750 983 816 1048 τοῖς
829 973 863 1036 ίκ
879 978 943 1038 τῶν
957 974 1116 1059 σφετίρων
1132 971 1259 1061 διείρων

150 1083 423 1163 -προῳοιβασμοῖς,
445 1075 486 1142 usi
507 1082 563 1160 τῆς
583 1077 743 1158 βασιλείας
764 1072 1001 1160 ἀναδησάμενον
1023 1075 1186 1159 σύμβολα,
1213 1081 1260 1164 τῷ

155 1203 189 1250 τε
213 1175 390 1266 πατριάρχη
410 1181 462 1246 καί
482 1189 548 1255 τοῖς
568 1183 768 1262 Παλαμικοῖς
789 1177 964 1255 ἐπισκόποις
986 1180 1264 1266 συλλειτουργῆσαί

155 1305 189 1346 τε
213 1283 265 1346 καὶ
286 1289 327 1368 τῇ
353 1284 427 1373 θείη
451 1282 587 1370 τραπίζῃ
612 1280 705 1348 ταῦτ’
736 1283 888 1348 ε’πιθεῖναι
910 1284 1017 1368 χερσίν
1041 1284 1150 1361 ι’δίαις,
1191 1281 1262 1346 νίον

108 1397 148 1452 1⁰
158 1381 312 1468 ἀνάθημα
342 1385 413 1460 νίας
442 1387 614 1472 θρησκείας
636 1385 718 1461 νίοις
741 1390 830 1461 θεοῖς
857 1387 909 1450 καὶ
935 1382 1084 1469 θεότησιν
1104 1381 1263 1471 ἀπειράκις

155 1485 301 1574 ἀπείροις.
328 1480 415 1571 isti
427 1487 464 1554 τδ
478 1483 616 1571 μάλιστα
631 1493 824 1571 συνανθῆσαν
840 1488 896 1572 τὴν
912 1495 968 1572 τῆς
982 1485 1107 1574 γνύμης
1121 1487 1262 1553 εύκολίαν

155 1589 254 1658 αὐτοῦ
271 1589 349 1678 πρὸς
362 1587 454 1676 τήνδε
470 1591 527 1675 τὴν
540 1595 653 1679 πράξαν
677 1591 707 1656 oi
731 1589 777 1656 δι’
802 1590 926 1678 ὀνείρων
940 1592 1083 1674 μαντικοὶ
1106 1591 1290 1676 τρίποδες,0

150 1695 301 1779 πλείστην
322 1691 558 1778 ὑπισχνούμενοι
581 1700 640 1780 γῆς
655 1695 707 1758 καὶ
725 1691 889 1774 θαλάττης
909 1692 1008 1781 ἀρχὴν
1015 1743 1026 1773 ,
1052 1690 1175 1769 τούτοις
1193 1701 1260 1767 τοῖς

153 1792 283 1880 τρόποις
307 1795 347 1862 ul
372 1797 507 1884 οφίτερα
534 1792 743 1880 βεβαιεόσαντι
766 1793 918 1882 δόγματα.
971 1796 1042 1887 (Β.)
1068 1797 1134 1864 Καὶ
1150 1801 1258 1875 τοῦτο,

109 1899 236 1964 15κατὰ
258 1899 314 1983 μίν
330 1899 366 1966 τδ
391 1901 480 1988 σφίσι
497 1897 612 1980 δόξαν,
641 1900 801 1983 λοιδορίαν
821 1897 898 1983 εἶχεν
917 1895 1075 1984 ἡμῶνκαὶ
1093 1905 1151 1984 τῆς
1173 1896 1262 1964 εὗσε-

147 2003 259 2086 ,βείας·
285 2007 325 2090 τῇ
346 2001 380 2066 δ’
399 2003 534 2093 ἀληθείη
551 1998 676 2089 γνύμης
699 2003 820 2070 ἐκείνων
844 1999 922 2086 είχεν
944 1999 1049 2069 εἰκόνα
1067 2004 1118 2068 καὶ
1143 1998 1261 2086 στήλην

152 2104 298 2186 ἀσεβείας
311 2103 353 2170 ud
373 2104 552 2191 γράμματα.
590 2103 654 2170 ἐπεὶ
674 2104 734 2191 γὰρ
750 2105 782 2170 oi
803 2101 889 2190 λόγοι
907 2112 966 2171 νῦν
984 2106 1042 2188 μὲν
1064 2101 1178 2181 εἰκόνες
1198 2105 1289 2170 slull)

153 2213 217 2274 τῶν
236 2203 447 2294 πραγμάτων,
475 2206 527 2274 ὅτε
540 2206 601 2295 πρὸ
616 2212 680 2274 τῶν
695 2204 838 2293 πράξεων
857 2208 889 2274 lv
906 2218 973 2284 τοῖς
987 2215 1044 2292 τῆς
1062 2209 1201 2284 διανοίας
1215 2205 1263 2272 ἔτι

152 2307 314 2394 θαλάμοις
328 2308 553 2396 γυμνάζονται,
581 2313 633 2376 καλ
646 2309 688 2374 τά
705 2309 776 2395 τίλη
799 2313 1013 2398 ζωγραφοῦσιν
1033 2313 1099 2394 {usi
1112 2335 1181 2388 πως
1201 2307 1263 2376 αύ-

110 2417 237 2480 novur
264 2419 322 2480 νῦν
337 2412 370 2478 δ’
390 2412 493 2501 ἕτερον
507 2409 625 2499 τρόπον
646 2413 698 2478 καί
711 2409 823 2490 εἰκόνες
837 2416 1046 2481 καθίστανται
1066 2419 1125 2498 τῆς
1142 2418 1261 2498 ψυχῆς,

154 2512 207 2582 ὅτε
227 2515 308 2598 μετά
327 2513 386 2599 τὴν
406 2515 495 2583 ἴνδον
517 2512 680 2599 διάσκεψιν
699 2513 773 2602 ἔργα
794 2517 931 2602 γίνονται
951 2519 1005 2584 καλ
1020 2515 1127 2596 aiunl,
1154 2521 1263 2600 ψυχῆς

155 2613 312 2698 ἀπόζοντα
330 2614 373 2694 ὥς
390 2622 501 2701 εἰπεῖν,
526 2610 578 2684 καλ
596 2616 680 2694 ὅπως
695 2617 785 2696 izemo
796 2617 856 2702 ίχει
876 2623 928 2687 καὶ
950 2616 1076 2707 γνάμης
1096 2618 1177 2702 uisi]
1196 2627 1265 2694 τοῖς

155 2717 216 2798 ἔξω
241 2723 471 2790 διατυποῦντα·
498 2719 556 2797 τὰς
574 2726 632 2807 τῆς
655 2719 743 2788 ίνδον
765 2722 950 2803 κακοδοξίας
971 2747 1005 2791 τε
1020 2723 1294 2809 καλθηριωδίαςλλ

155 2985 221 3040 tutis
241 3001 304 3042 sues
323 2985 383 3042 κολα
404 2983 678 3058 impellentemnneti,
700 2985 841 3058 quamlibet
858 2984 948 3058 pelugi
968 2988 1097 3057 Scyllum,
1118 2987 1264 3059 quamlibet

155 3055 331 3124 Charybdim,
348 3054 450 3112 nemine
463 3057 598 3124 obstante,
615 3057 687 3116 luoill
702 3065 730 3110 et
741 3057 866 3128 expedito
880 3073 960 3112 υυτεα
971 3059 1185 3129 pernuvigubeut.
1207 3059 1266 3111 ltu·

156 3139 209 3194 qus
224 3123 373 3206 blesphemu
392 3125 515 3194 domuin
534 3133 561 3178 et
577 3125 669 3249 ἰωρίοε
691 3127 788 3191 libros,
811 3126 889 3181 inetis
909 3127 937 3180 in
953 3143 1001 3180 nos
1019 3135 1048 3181 et
1064 3129 1092 3182 in
1112 3128 1266 3196 religionem

155 3193 315 3246 coutumeliis
330 3194 487 3265 adspersos,
504 3211 562 3248 cum
576 3213 610 3265 pn
631 3197 680 3256 lieo
694 3196 877 3266 perlegissent,
894 3197 981 3255 stetim
994 3196 1143 3268 impensuri
1154 3214 1201 3266 per
1215 3213 1266 3250 un-

154 3259 323 3316 tioinutioues
345 3280 378 3316 ex
393 3263 447 3316 suis
467 3263 571 3319 somniis
589 3265 755 3336 depromptus
768 3269 942 3336 persuadent,
959 3273 990 3318 ut
1000 3265 1148 3335 insignibus
1161 3264 1266 3348 imperii

155 3329 291 3385 redimitus
306 3337 334 3386 st
345 3333 478 3396 eooinutus
495 3350 553 3386 cusu
573 3333 725 3403 petriurebe
741 3342 770 3388 et
788 3334 917 3405 episeopis
931 3334 1067 3389 Pulsmitis
1080 3352 1133 3388 rem
1150 3333 1265 3388 ‹liumuuu

155 3399 254 3464 insint,
272 3407 300 3454 et
312 3403 427 3484 propriis
447 3402 565 3456 munibus
581 3402 662 3458 libros
675 3404 735 3458 illos
751 3404 867 3474 imponet
882 3421 986 3457 meusne
999 3411 1198 3466 sacrosantae,
1214 3419 1265 3456 uo·

156 3486 219 3522 vum
231 3469 363 3524 domenum
375 3487 459 3526 novus
471 3469 617 3540 religionis,
634 3474 710 3526 nouis
722 3473 781 3528 Diis
799 3480 828 3526 et
842 3471 1022 3526 divinitatibus
1036 3473 1139 3528 minito
1157 3471 1266 3526 infinitis

156 3537 280 3592 oblutum.
314 3539 397 3592 Porro
412 3540 470 3594 eius
482 3541 658 3606 uoluntatem,
675 3541 753 3596 fusile
765 3542 862 3612 ulloqui
874 3541 1017 3607 cedentem,
1035 3544 1069 3595 ed
1083 3541 1112 3594 id
1123 3557 1268 3610 exsequen-

157 3607 219 3660 dum
239 3606 348 3662 maxime
369 3609 524 3680 impulerunt
541 3619 651 3664 vntuouuu
670 3609 708 3664 ulli
724 3609 858 3680 tripodes,
875 3626 909 3663 ex
923 3610 1017 3679 quibus
1029 3611 1165 3666 maximum
1178 3618 1266 3664 turso

156 3685 187 3730 et
209 3675 287 3728 muris
305 3677 438 3748 imperium
476 3697 505 3733 er
525 3679 623 3734 somnis
644 3679 705 3732 buit
726 3681 922 3748 spondebatur,
944 3678 968 3730 si
988 3680 1137 3733 inrisione
1157 3679 1267 3734 istorum

154 3744 278 3814 dogmate
289 3743 414 3800 firmaret.
449 3693 512 3816 (il.)
528 3748 575 3813 Id,
594 3756 624 3800 ut
644 3749 696 3818 ipsi
708 3749 850 3818 putabunt,
868 3748 965 3818 probro
983 3753 1042 3802 eunt
1058 3749 1133 3802 uobis
1154 3748 1276 3819 piusque»

154 3813 305 3868 doctrines:
322 3833 352 3870 re
373 3815 431 3886 ipse
450 3825 535 3871 numm
548 3817 633 3870 ineunt
652 3816 758 3886 scriptis
772 3817 824 3872 illis
834 3818 920 3884 imugo
934 3832 1021 3870 eorum
1033 3818 1126 3882 nuimi,
1143 3826 1171 3870 et
1185 3833 1268 3887 quee-

154 3879 215 3936 δια
227 3883 311 3936 veluti
323 3891 411 3938 stema
424 3883 574 3954 impietntis.
610 3885 716 3940 Etenim
728 3892 758 3938 ut
772 3887 854 3940 verbe
866 3902 935 3939 nuno
953 3902 1039 3940 raum
1051 3886 1178 3956 imagines
1195 3893 1267 3949 suut,

155 3957 209 4005 tum
223 3951 324 4005 scilieet
335 3971 392 4006 cum
404 3961 465 4008 ente
476 3953 667 4008 exsecutionem
679 3955 706 4008 iu
720 3954 817 4008 intimis
827 3954 905 4011 animi
916 3955 1095 4024 penetralibus
1106 3956 1193 4009 sdbuo
1204 3971 1269 4025 pro·

154 4019 263 4084 ludunt,
279 4028 308 4073 et
320 4022 375 4075 illie
395 4039 456 4076 suos
478 4023 565 4076 exitus
586 4023 753 4078 adumbratos
770 4023 954 4094 quodsmmodo
968 4024 1124 4077 iniormnutz
1139 4040 1207 4076 nume
1221 4039 1269 4075 en-

154 4087 231 4154 dem,
250 4088 297 4143 sed
314 4089 407 4156 aliter,
425 4101 486 4146 sunt
505 4092 645 4146 simulnoru
662 4091 754 4157 enimi,
779 4109 836 4146 oum
855 4104 882 4148 et
900 4092 959 4162 ipse
976 4099 1037 4163 post
1056 4109 1176 4146 sueonum
1198 4091 1289 4144 illem⁴

154 4157 369 4213 consultationem
382 4177 426 4213 res
438 4169 465 4213 et
478 4163 549 4216 luctu
562 4179 622 4214 esse
635 4161 778 4230 incipiunt,
796 4161 906 4215 animum
922 4164 965 4230 (ut
979 4164 1017 4215 itu
1029 4162 1127 4228 dicem)
1148 4160 1270 4214 redolen-

154 4225 208 4294 liu,
226 4243 260 4280 no
278 4227 334 4280 eius
353 4229 471 4284 habitum
494 4237 522 4283 et
536 4229 658 4284 ellectum
670 4229 740 4300 apud
754 4248 800 4284 eos
817 4232 864 4300 qui
875 4231 940 4284 loris
955 4230 1010 4283 sint
1028 4228 1212 4300 exprimentis:
1230 4227 1269 4280 itu

155 4295 236 4351 elium
250 4296 317 4351 bueo
331 4297 433 4370 scriptu
450 4315 543 4357 seusus
561 4297 639 4372 previ
660 4307 690 4354 et
705 4299 784 4354 moris
802 4299 909 4354 belluini
928 4298 1001 4354 intus
1017 4297 1124 4354 huntio
1142 4296 1269 4368 imagines
