3067 4792
259 218 334 291 aar
544 226 782 333 muranum
805 228 1051 300 unucnusu

100 406 127 457 λ.
138 405 171 457 Μ.
185 404 254 463 6857
260 389 366 475 μείους
379 390 414 457 δέ
426 396 633 477 παμπληθεῖς.
652 392 715 459 ἐπεὶ
730 380 765 459 δέ
778 392 967 477 κατάμέσην
979 386 1138 479 γενόμεναι
1158 391 1215 477 τὴν
1236 392 1362 479 πορείαν

137 476 219 531 Μ
262 490 396 581 ἐρήμους
411 493 532 581 ἀνδρῶν
555 492 719 578 ἑλκομένας
734 492 816 562 εἶδον
836 493 898 561 ἀπὸ
914 502 978 561 τῶν
1000 498 1153 579 πολεμίων
1170 495 1228 573 τὰς
1240 492 1362 582 δμοωύ·

259 603 332 674 λους
344 602 438 681 νῆας,
467 598 601 683 ἔστησαν
618 596 720 685 ῶσπερ
734 602 793 665 τινὶ
804 595 902 686 νάρκη
918 601 1100 685 πεδηδεῖσαι
1122 602 1174 665 καὶ
1196 598 1243 681 μὴ
1266 596 1361 665 δυνό-

258 726 348 784 μεναι
369 697 447 784 μήτε
467 699 574 787 πρόσω
589 698 682 787 ’μήτ’
714 701 814 774 ἀπίσω
828 708 987 768 ποιεῖσθαι
1007 702 1063 767 τάν
1078 707 1194 782 πλοῶν,
1224 702 1281 777 ἕως
1297 713 1362 781 τοῖς

260 800 377 887 όμοίοις
399 813 468 881 ταῖς
490 803 598 881 ἀλλοις
621 804 817 891 περιέπιπτον
834 808 885 871 καὶ
901 796 994 874 αὗται
1009 815 1125 881 κακοῖς,
1157 796 1196 889 ἦν
1209 803 1270 890 γάρ
1285 808 1385 871 ι’δεῖνό

259 905 358 983 εὐθύς
386 909 438 971 καὶ
463 904 584 973 τούτων
606 906 689 974 inm
709 908 745 975 τὸ
767 906 946 993 πλήρωμα,
973 905 1180 994 τριηράρχους
1209 904 1289 989 ipo&
1309 911 1363 973 καὶ

260 1006 392 1091 ναύτας,
419 1010 500 1077 κατά
521 1015 656 1097 κεφαλῆς
679 1011 711 1087 ές
735 1009 900 1077 θάλατταν
919 1012 1089 1089 πίπτοντας
1104 1010 1159 1077 τδν
1176 1007 1283 1093 ὅμοιον
1296 1022 1363 1088 τοῖς

232 1110 494 1199 Βπροπεπυνθόστ
514 1110 631 1199 τρόπον
640 1162 651 1195 ,
677 1116 750 1201 πρὶν
771 1113 791 1198 ἢ
810 1114 1040 1200 γεγυμνωμένον
1070 1112 1252 1180 θεάσασθαι
1273 1116 1363 1200 ’ξίφος

261 1219 311 1283 καί
326 1217 398 1301 πρὶν
422 1220 570 1299 πολεμίας
592 1218 765 1283 αῐσθέσδαι
781 1218 863 1295 τινός
877 1214 1064 1301 ἀπειλούσης
1077 1224 1166 1301 βοῆς.
1202 1216 1272 1307 (Ζ.)
1285 1220 1362 1283 Διε-

260 1322 384 1401 νείματο
408 1319 439 1385 δ’
468 1316 581 1404 ὁμοίως
603 1319 640 1387 τδ
667 1326 724 1405 τῆς
745 1321 859 1397 δειλίας
881 1322 994 1405 έκείνης
1015 1321 1113 1386 δεινδν
1125 1322 1177 1385 καί
1193 1318 1262 1386 ὅσοι
1275 1321 1362 1404 παρὰ
1371 1330 1408 1385 10

260 1422 315 1487 τόν
346 1423 484 1507 αἰγιαλὸν
510 1425 560 1490 καλ
583 1423 657 1499 τούς
684 1421 821 1509 πύργους
841 1417 922 1509 ἦσαν
951 1420 1090 1501 ἑστῶτες.
1124 1422 1225 1505 μεστά
1245 1422 1306 1509 γὰρ
1322 1418 1362 1507 ἦν

261 1524 385 1591 ἅπαντα
406 1524 505 1609 ὄχλων
525 1528 753 1607 παντοδαπῶν,
783 1525 821 1594 ού
840 1524 937 1610 μόνον
957 1523 997 1592 τά
1017 1525 1048 1591 τ’
1074 1526 1162 1592 ένδον
1183 1533 1289 1591 πυλῶν
1311 1529 1363 1593 καὶ

263 1626 322 1693 ὅσα
344 1633 408 1693 τῶν
427 1628 514 1707 έκτδς
522 1679 533 1713 ,
559 1628 638 1695 ἀλλά
659 1632 710 1696 καί
728 1628 764 1696 τό
782 1630 862 1695 κατὰ
883 1630 942 1705 τὰς
952 1626 1089 1707 ἐπάλξεις
1103 1633 1227 1713 πλῆθος
1241 1628 1363 1716 ἀνδρῶν

231 1730 399 1813 Emmaus
423 1729 525 1799 πάντα
544 1739 637 1799 νικῶν
659 1726 716 1814 ἧν·
746 1723 790 1800 ῶν
813 1732 885 1799 ούτε
904 1732 1092 1817 σαλπιγκτὴς
1111 1725 1149 1816 ἦν
1162 1757 1225 1812 τις,
1248 1732 1320 1798 ούτε
1333 1757 1364 1797 τι

261 1832 438 1917 κύμβαλον,
466 1834 536 1901 οάτ’
555 1834 644 1901 ούδέν
660 1832 763 1903 ὁπόσα
782 1836 891 1901 εἴωθεν
905 1837 938 1901 έν
953 1836 1097 1917 πολέμοις
1109 1834 1286 1919 εάθαρσοῦς
1300 1842 1406 1901 rra-16

262 1934 460 2023 ραστήματος
479 1942 621 2024 γίνεσθαι
643 1937 876 2024 παρακλητικὰ,
898 1935 1001 2021 λήθης
1013 1944 1137 2025 μακρῶς
1157 1963 1240 2014 τινος
1256 1945 1318 2016 τῶν
1332 1940 1365 2005 έν

261 2036 385 2114 τούτοις
405 2043 583 2125 χρησίμων,
609 2042 665 2107 οάκ
686 2038 747 2107 οἶδ’
773 2037 890 2107 ἀπόθευ
908 2042 960 2105 καὶ
981 2038 1082 2121 ὅπως,
1105 2042 1365 2125 ε’πιπλαιηθείσης

261 2142 339 2218 τέως
366 2144 417 2207 καὶ
437 2145 674 2229 διανεμηθείσης
695 2143 753 2221 τὰς
770 2141 931 2229 Ῥωμαίων
953 2140 1067 2227 ψυχάς.
1104 2143 1185 2209 ἀλλά
1204 2143 1286 2227 πλὴν
1308 2151 1364 2209 τού

264 2244 407 2313 ἀναπνεῖν
434 2244 577 2332 ἀντικρυς
600 2244 676 2313 εἶναι
696 2242 809 2323 πάντες
829 2243 958 2313 ἐδόκουν
977 2247 1096 2333 νεκροί·
1130 2242 1369 2329 συνωθούμενοί

264 2372 297 2432 γε
315 2346 379 2431 μὴν
396 2345 454 2413 ἀπ’
481 2347 622 2435 ἀλλήλων
644 2351 676 2415 έν
698 2356 737 2437 τῇ
753 2350 832 2436 πρδς
855 2350 896 2415 τά
920 2348 1008 2415 ένδον
1032 2356 1115 2435 φυγῇ
1134 2346 1318 2415 συνέπιπτόν
1331 2359 1408 2415 τεῶο

233 2452 316 2519 uani
337 2448 529 2519 συνεπάτουν
551 2449 723 2537 ἀλλήλους,
748 2455 801 2517 καὶ
824 2460 925 2518 ταῦτα
947 2454 999 2516 καὶ
1015 2452 1119 2517 αὐτῶν
1134 2458 1199 2516 τῶν
1212 2454 1366 2535 πολεμίων

262 2549 436 2637 ἓστηκότων
444 2604 454 2635 ,
478 2557 529 2621 καί
542 2554 709 2639 θεωμένων
723 2556 847 2638 ἀτενῶς,
864 2557 916 2621 καὶ
932 2551 1058 2639 σφόδρα
1073 2552 1151 2639 πρὸς
1167 2553 1273 2620 τὸτοῦ
1287 2551 1366 2640 δρά-

261 2682 362 2739 ματος
384 2658 635 2744 ἐκπεπληγμένων
660 2656 857 2745 παράδοξον·
888 2656 967 2723 ῶοτε
988 2660 1039 2721 καί
1056 2657 1126 2721 δίον
1147 2664 1275 2747 σκιρτῶν
1289 2658 1365 2721 ἐκεί-

262 2786 335 2837 νους
350 2756 410 2827 ὖπδ
424 2768 480 2846 τῆς
495 2758 629 2847 μεγάλης
652 2762 792 2847 εύτυχίας
810 2762 923 2845 ἐκείνης
931 2808 941 2839 ,
973 2766 1036 2825 τῶν
1052 2759 1087 2823 δὲ
1102 2760 1153 2840 καὶ
1169 2759 1278 2843 ἠλέουν
1293 2760 1365 2825 ένιοι

259 2862 333 2939 τούς
355 2860 546 2948 πάσχοντας,
581 2867 631 2930 καί
650 2872 760 2947 στῆναι
780 2860 1035 2949 παρεκελεύοντο,
1063 2864 1115 2926 καί
1136 2869 1220 2949 σρῶς
1244 2861 1401 2939 αύτοδς25

260 2990 343 3046 medis
357 2991 385 3045 in
399 3010 493 3057 cursu,
509 3010 607 3047 vacuus
621 2992 763 3047 haminibus
783 2992 853 3044 trahi
869 2992 902 3044 ab
917 2988 1037 3043 hostibus
1053 3006 1155 3042 auorum
1170 3008 1251 3043 naves
1266 2991 1311 3044 ubi
1324 2992 1366 3044 vi-

260 3060 369 3125 derunt,
387 3067 485 3115 stetere
503 3063 578 3132 quasi
593 3062 731 3130 torpedine
751 3061 785 3113 ali
804 3078 837 3111 ua
852 3060 1023 3122 constrictae,
1042 3066 1073 3111 ut
1088 3076 1136 3111 nec
1155 3060 1279 3128 progredi
1297 3061 1366 3113 ultra

279 3138 383 3193 assunt,
402 3147 450 3182 nec
464 3130 522 3186 vcia
534 3139 672 3185 retrorsum
692 3130 771 3192 dare,
787 3079 871 3181 ἀοαοο
884 3129 957 3198 ipsae
974 3129 1001 3180 in
1016 3127 1109 3181 similia
1127 3130 1193 3181 mala
1207 3128 1364 3183 inciderunt.

289 3212 329 3249 am
341 3205 369 3251 at
381 3198 503 3268 quidquid
520 3198 547 3251 in
563 3198 616 3251 iliis
630 3198 755 3250 homiuum
775 3196 840 3260 fuit,
862 3214 907 3250 eos
926 3214 1012 3250 omnes
1031 3196 1121 3249 ridere
1141 3203 1199 3249 erat
1220 3198 1365 3265 confestim,

260 3266 416 3321 trierarchus
430 3268 679 3336 paritersanctum,
697 3266 766 3320 volvi
778 3266 805 3318 in
820 3272 916 3335 caput,
934 3274 1039 3318 ruentes
1053 3267 1078 3317 in
1091 3284 1169 3330 mare,
1188 3266 1276 3319 endem
1289 3269 1364 3320 modo

261 3342 400 3405 atqueeos,
411 3336 456 3406 qui
468 3336 535 3389 idem
543 3342 603 3390 ante
609 3336 680 3407 passi
692 3336 804 3398 inerant,
815 3344 951 3404 antequam
964 3334 1084 3387 nudatum
1098 3352 1183 3387 ensem
1189 3335 1364 3405 adspicerent,

261 3410 308 3457 aut
321 3405 456 3459 clamarem
470 3405 547 3459 ullum
565 3404 677 3457 hortium
695 3406 819 3457 minacem
832 3404 960 3456 audirent.
994 3402 1084 3471 (Vll.)
1102 3403 1267 3457 Pervadebat
1280 3414 1365 3457 autem

260 3472 360 3545 paritur
375 3473 419 3525 iile
433 3482 519 3527 terror
533 3479 561 3526 et
573 3491 618 3525 eus
631 3490 732 3537 omnes,
750 3473 795 3541 qui
807 3473 881 3526 iuxta
897 3473 971 3526 liuns
986 3490 1017 3525 uc
1031 3479 1118 3524 turres
1132 3474 1244 3525 stabant.
1280 3474 1366 3529 Erant

261 3542 327 3593 enim
342 3543 424 3597 omnia
440 3544 507 3597 omni
523 3542 651 3594 hominum
669 3559 766 3611 genere
784 3541 874 3611 plena:
898 3559 945 3595 nec
961 3540 1036 3594 modo
1055 3541 1125 3593 intra
1138 3551 1226 3611 portas
1240 3546 1268 3595 et
1281 3551 1365 3607 extra,

261 3611 308 3665 sed
326 3618 355 3663 et
373 3613 475 3665 summis
493 3612 519 3665 in
537 3610 668 3664 moenibus
685 3610 819 3663 multitudo
838 3617 896 3663 erat
923 3610 1014 3679 quavis
1033 3627 1136 3662 numero
1152 3612 1250 3675 maior3
1274 3610 1366 3681 inqua

261 3696 309 3731 nuc
323 3680 427 3733 tubicen
443 3680 592 3750 quisquam,
609 3697 657 3733 ιιεο
671 3679 813 3747 cymbalum
833 3680 910 3732 ullum
926 3687 1000 3742 erat,
1015 3696 1100 3747 neque
1119 3680 1256 3749 quidquam
1270 3698 1365 3747 eoram,

262 3766 330 3817 alnae
344 3750 427 3802 solent
442 3749 469 3803 in
483 3750 549 3803 belin
563 3748 707 3819 praesentis
720 3748 799 3811 animi
812 3748 891 3801 robur
903 3748 1027 3801 excitare.
1051 3748 1160 3802 Scilicet
1171 3766 1258 3802 earum
1271 3767 1364 3813 rernm,

263 3834 331 3885 quae
344 3828 397 3871 turn
406 3818 482 3871 utiles
495 3818 614 3881 inissent,
632 3834 724 3885 magua
735 3816 863 3886 quaedam
874 3817 970 3871 oblivio
978 3818 1146 3872 Romanorum
1159 3819 1265 3883 animos,
1278 3817 1365 3884 nescia

262 3886 332 3938 unde
347 3893 374 3939 et
389 3888 524 3957 quomado,
538 3887 671 3940 invaserat
686 3892 715 3939 ct
727 3893 893 3957 corruperam
911 3903 943 3939 ac
960 3886 1132 3955 respiratione
1149 3895 1257 3955 excepta
1271 3888 1366 3941 mortui

261 3953 339 4027 piane
358 3972 444 4009 amnes
465 3974 523 4009 essa
537 3956 707 4021 videbuntur,
723 3955 859 4009 trudentes
874 3954 939 4008 alius
956 3954 1050 4018 alium,
1067 3954 1128 4008 dum
1142 3954 1169 4008 in
1184 3956 1309 4009 interiora
1323 3957 1366 4008 su-

263 4024 354 4091 gium,
372 4022 592 4095 procidebantque
608 4032 636 4077 et
654 4041 684 4076 aa
707 4024 821 4079 invicem
836 4024 1016 4094 proterebant3
1032 4023 1113 4092 idque
1130 4042 1187 4077 cum
1206 4026 1295 4078 hostes
1314 4024 1365 4095 ipsi

263 4098 364 4145 starent
383 4092 530 4164 intentique
550 4100 715 4163 spectarent,
733 4098 761 4146 et
776 4094 810 4151 ad
830 4093 869 4147 rei
883 4092 1030 4145 miraculum
1044 4094 1121 4146 valde
1137 4095 1366 4163 obstupescerent;

263 4160 301 4213 ita
316 4168 423 4233 atquae
439 4164 473 4215 ab
485 4180 600 4229 magnum
614 4162 684 4214 ilium
697 4178 845 4215 successum
862 4162 993 4215 exsultare
1006 4162 1139 4231 oportuit,
1156 4180 1190 4215 ex
1204 4164 1238 4215 iis
1252 4162 1365 4216 nonrmlli

262 4230 421 4289 calamitosos
439 4232 713 4297 murmurmurmur,
731 4238 759 4287 et
776 4238 847 4286 stare
865 4231 1000 4296 iuberent,
1018 4233 1278 4303 obtestarenturque,
1295 4241 1325 4287 ut
1339 4232 1366 4289 in
