<?xml version="1.0" encoding="UTF-8"?>
<!DOCTYPE html PUBLIC "-//W3C//DTD XHTML 1.0 Transitional//EN"
    "http://www.w3.org/TR/xhtml1/DTD/xhtml1-transitional.dtd">
<html xmlns="http://www.w3.org/1999/xhtml" xml:lang="en" lang="en">
 <head>
  <title>
</title>
<meta http-equiv="Content-Type" content="text/html;charset=utf-8" />
  <meta name='ocr-system' content='tesseract 3.04.00' />
  <meta name='ocr-capabilities' content='ocr_page ocr_carea ocr_par ocr_line ocrx_word'/>
</head>
<body>
  <div class='ocr_page' id='page_1' title='image "./corpusscriptoru38theogoog/corpusscriptoru38theogoog_0416.png"; bbox 0 0 3067 4792; ppageno 0'>
   <div class='ocr_carea' id='block_1_1' title="bbox 216 226 1097 336">
    <p class='ocr_par' dir='ltr' id='par_1_1' title="bbox 216 226 1097 336">
     <span class='ocr_line' id='line_1_1' title="bbox 216 226 1097 336; baseline 0.014 -34"><span class='ocrx_word' id='word_1_1' title='bbox 216 325 221 336; x_wconf 85' lang='lat'><em>.</em></span> <span class='ocrx_word' id='word_1_2' title='bbox 253 226 330 304; x_wconf 79' lang='lat'><strong><em>978</em></strong></span> <span class='ocrx_word' id='word_1_3' title='bbox 590 236 831 311; x_wconf 82' lang='lat' dir='ltr'><strong>NICEPHORI</strong></span> <span class='ocrx_word' id='word_1_4' title='bbox 852 239 1097 314; x_wconf 82' lang='lat' dir='ltr'>GREGORAE</span> 
     </span>
    </p>
   </div>
   <div class='ocr_carea' id='block_1_2' title="bbox 87 397 1410 2983">
    <p class='ocr_par' dir='ltr' id='par_1_2' title="bbox 87 397 1410 2983">
     <span class='ocr_line' id='line_1_2' title="bbox 87 397 1365 498; baseline 0.007 -30"><span class='ocrx_word' id='word_1_5' title='bbox 87 417 116 470; x_wconf 81' lang='lat' dir='ltr'>t.</span> <span class='ocrx_word' id='word_1_6' title='bbox 126 415 159 468; x_wconf 84' lang='lat' dir='ltr'>n.</span> <span class='ocrx_word' id='word_1_7' title='bbox 176 397 442 486; x_wconf 68' lang='grc' dir='ltr'><strong><em>ᾶθῦθῦπεξιόντες,</em></strong></span> <span class='ocrx_word' id='word_1_8' title='bbox 467 397 643 490; x_wconf 73' lang='grc' dir='ltr'><strong><em>ἀνεχώρουν</em></strong></span> <span class='ocrx_word' id='word_1_9' title='bbox 656 402 779 472; x_wconf 69' lang='grc' dir='ltr'><strong><em>οἴκαδε·</em></strong></span> <span class='ocrx_word' id='word_1_10' title='bbox 807 405 891 492; x_wconf 72' lang='grc' dir='ltr'><strong><em>οέδή</em></strong></span> <span class='ocrx_word' id='word_1_11' title='bbox 904 409 956 474; x_wconf 73' lang='grc' dir='ltr'><strong><em>καὶ</em></strong></span> <span class='ocrx_word' id='word_1_12' title='bbox 970 414 1120 498; x_wconf 78' lang='grc' dir='ltr'><strong><em>τρανῇτῇ</em></strong></span> <span class='ocrx_word' id='word_1_13' title='bbox 1133 413 1224 497; x_wconf 81' lang='grc' dir='ltr'><strong><em>φωνή</em></strong></span> <span class='ocrx_word' id='word_1_14' title='bbox 1230 459 1241 490; x_wconf 92' lang='grc'><strong><em>,</em></strong></span> <span class='ocrx_word' id='word_1_15' title='bbox 1268 405 1365 476; x_wconf 64' lang='lat' dir='ltr'>tatte-</span> 
     </span>
     <span class='ocr_line' id='line_1_3' title="bbox 128 480 1366 606; baseline 0.002 -32"><span class='ocrx_word' id='word_1_16' title='bbox 128 480 207 540; x_wconf 74' lang='lat'><strong>¹⁰¹¹&#39;4</strong></span> <span class='ocrx_word' id='word_1_17' title='bbox 225 533 307 606; x_wconf 70' lang='lat' dir='ltr'>crac</span> <span class='ocrx_word' id='word_1_18' title='bbox 330 533 364 574; x_wconf 88' lang='grc' dir='ltr'><strong><em>τε</em></strong></span> <span class='ocrx_word' id='word_1_19' title='bbox 390 507 441 574; x_wconf 70' lang='grc' dir='ltr'><strong><em>καὶ</em></strong></span> <span class='ocrx_word' id='word_1_20' title='bbox 462 505 647 594; x_wconf 81' lang='grc' dir='ltr'><strong><em>περιλόντες,</em></strong></span> <span class='ocrx_word' id='word_1_21' title='bbox 676 505 844 596; x_wconf 73' lang='grc' dir='ltr'><strong><em>ἐκήρυττον</em></strong></span> <span class='ocrx_word' id='word_1_22' title='bbox 859 508 926 577; x_wconf 73' lang='grc' dir='ltr'><strong><em>ἅτ’</em></strong></span> <span class='ocrx_word' id='word_1_23' title='bbox 951 509 1033 579; x_wconf 84' lang='grc' dir='ltr'><strong><em>είδον</em></strong></span> <span class='ocrx_word' id='word_1_24' title='bbox 1053 511 1122 580; x_wconf 77' lang='grc' dir='ltr'><strong><em>ἅτ’</em></strong></span> <span class='ocrx_word' id='word_1_25' title='bbox 1139 511 1296 597; x_wconf 85' lang='grc' dir='ltr'><strong><em>ήκουσαν·</em></strong></span> <span class='ocrx_word' id='word_1_26' title='bbox 1322 510 1366 591; x_wconf 74' lang='grc' dir='ltr'><strong><em>ὦς</em></strong></span> 
     </span>
     <span class='ocr_line' id='line_1_4' title="bbox 256 609 1364 706; baseline 0.006 -28"><span class='ocrx_word' id='word_1_27' title='bbox 256 609 413 698; x_wconf 85' lang='grc' dir='ltr'><strong><em>άκουστήν</em></strong></span> <span class='ocrx_word' id='word_1_28' title='bbox 430 611 463 676; x_wconf 88' lang='grc' dir='ltr'><strong><em>ἐν</em></strong></span> <span class='ocrx_word' id='word_1_29' title='bbox 482 618 598 698; x_wconf 80' lang='grc' dir='ltr'><strong><em>βραχεῖ</em></strong></span> <span class='ocrx_word' id='word_1_30' title='bbox 610 616 661 678; x_wconf 79' lang='grc' dir='ltr'><strong><em>καί</em></strong></span> <span class='ocrx_word' id='word_1_31' title='bbox 675 613 847 700; x_wconf 82' lang='grc' dir='ltr'><strong><em>θεατρικήν</em></strong></span> <span class='ocrx_word' id='word_1_32' title='bbox 860 614 1005 702; x_wconf 83' lang='grc' dir='ltr'><strong><em>γενίσθαε</em></strong></span> <span class='ocrx_word' id='word_1_33' title='bbox 1024 613 1112 706; x_wconf 84' lang='grc' dir='ltr'><strong><em>πόση</em></strong></span> <span class='ocrx_word' id='word_1_34' title='bbox 1131 624 1172 704; x_wconf 79' lang='grc' dir='ltr'><strong><em>τῇ</em></strong></span> <span class='ocrx_word' id='word_1_35' title='bbox 1195 614 1281 683; x_wconf 88' lang='grc' dir='ltr'><strong><em>πόλει</em></strong></span> <span class='ocrx_word' id='word_1_36' title='bbox 1306 615 1364 701; x_wconf 86' lang='grc' dir='ltr'><strong><em>τήν</em></strong></span> 
     </span>
     <span class='ocr_line' id='line_1_5' title="bbox 253 705 1364 802; baseline 0.004 -20"><span class='ocrx_word' id='word_1_37' title='bbox 253 714 326 800; x_wconf 75' lang='grc' dir='ltr'><strong><em>μετ’</em></strong></span> <span class='ocrx_word' id='word_1_38' title='bbox 354 711 503 800; x_wconf 79' lang='grc' dir='ltr'><strong><em>αῗσχύνης</em></strong></span> <span class='ocrx_word' id='word_1_39' title='bbox 524 705 622 800; x_wconf 77' lang='grc' dir='ltr'><strong><em>ἧτταν</em></strong></span> <span class='ocrx_word' id='word_1_40' title='bbox 647 723 704 784; x_wconf 90' lang='grc' dir='ltr'><strong><em>τοῦ</em></strong></span> <span class='ocrx_word' id='word_1_41' title='bbox 724 722 887 802; x_wconf 85' lang='grc' dir='ltr'><strong><em>Παλαμῦ,</em></strong></span> <span class='ocrx_word' id='word_1_42' title='bbox 915 721 967 785; x_wconf 76' lang='grc' dir='ltr'><strong><em>καί</em></strong></span> <span class='ocrx_word' id='word_1_43' title='bbox 991 721 1100 798; x_wconf 74' lang='grc' dir='ltr'><strong><em>οἵτινες</em></strong></span> <span class='ocrx_word' id='word_1_44' title='bbox 1128 715 1188 786; x_wconf 79' lang='grc' dir='ltr'><strong><em>εέεν</em></strong></span> <span class='ocrx_word' id='word_1_45' title='bbox 1218 716 1364 802; x_wconf 80' lang='grc' dir='ltr'><strong><em>ὁμόδοξον</em></strong></span> 
     </span>
     <span class='ocr_line' id='line_1_6' title="bbox 254 816 1388 912; baseline 0.004 -27"><span class='ocrx_word' id='word_1_46' title='bbox 254 821 390 900; x_wconf 65' lang='grc' dir='ltr'><strong><em>τουτῳῒ,</em></strong></span> <span class='ocrx_word' id='word_1_47' title='bbox 418 821 470 885; x_wconf 82' lang='grc' dir='ltr'><strong><em>καί</em></strong></span> <span class='ocrx_word' id='word_1_48' title='bbox 488 816 556 902; x_wconf 85' lang='grc' dir='ltr'><strong><em>άμα</em></strong></span> <span class='ocrx_word' id='word_1_49' title='bbox 578 818 636 898; x_wconf 85' lang='grc' dir='ltr'><strong><em>τάς</em></strong></span> <span class='ocrx_word' id='word_1_50' title='bbox 658 823 778 901; x_wconf 85' lang='grc' dir='ltr'><strong><em>αίτίας,</em></strong></span> <span class='ocrx_word' id='word_1_51' title='bbox 806 821 852 886; x_wconf 79' lang='grc' dir='ltr'><strong><em>δι’</em></strong></span> <span class='ocrx_word' id='word_1_52' title='bbox 872 821 911 899; x_wconf 61' lang='lat' dir='ltr'>te</span> <span class='ocrx_word' id='word_1_53' title='bbox 931 818 1057 909; x_wconf 78' lang='grc' dir='ltr'><strong><em>ἡττήθη</em></strong></span> <span class='ocrx_word' id='word_1_54' title='bbox 1077 849 1111 890; x_wconf 93' lang='grc' dir='ltr'><strong><em>τε</em></strong></span> <span class='ocrx_word' id='word_1_55' title='bbox 1133 826 1185 890; x_wconf 78' lang='grc' dir='ltr'><strong><em>καί</em></strong></span> <span class='ocrx_word' id='word_1_56' title='bbox 1204 819 1388 912; x_wconf 75' lang='grc' dir='ltr'><strong><em>ήσχάνθη.6</em></strong></span> 
     </span>
     <span class='ocr_line' id='line_1_7' title="bbox 254 919 1362 1015; baseline 0.004 -27"><span class='ocrx_word' id='word_1_57' title='bbox 254 919 332 988; x_wconf 79' lang='grc' dir='ltr'><strong><em>ὅθεν</em></strong></span> <span class='ocrx_word' id='word_1_58' title='bbox 344 927 410 989; x_wconf 83' lang='grc' dir='ltr'><strong><em>τῶν</em></strong></span> <span class='ocrx_word' id='word_1_59' title='bbox 428 923 533 988; x_wconf 82' lang='grc' dir='ltr'><strong><em>οέκιῶν</em></strong></span> <span class='ocrx_word' id='word_1_60' title='bbox 544 923 721 1006; x_wconf 84' lang='grc' dir='ltr'><strong><em>ἐκθίοντες,</em></strong></span> <span class='ocrx_word' id='word_1_61' title='bbox 751 920 794 1001; x_wconf 79' lang='grc' dir='ltr'><strong><em>ὥς</em></strong></span> <span class='ocrx_word' id='word_1_62' title='bbox 812 923 922 1010; x_wconf 68' lang='grc' dir='ltr'><strong><em>ἔτυχον</em></strong></span> <span class='ocrx_word' id='word_1_63' title='bbox 941 926 1087 1010; x_wconf 71' lang='grc' dir='ltr'><strong><em>ἕκαστοι,</em></strong></span> <span class='ocrx_word' id='word_1_64' title='bbox 1110 924 1235 1015; x_wconf 90' lang='grc' dir='ltr'><strong><em>φύρδην</em></strong></span> <span class='ocrx_word' id='word_1_65' title='bbox 1258 930 1362 1009; x_wconf 80' lang='grc' dir='ltr'><strong><em>εδπεῖν,</em></strong></span> 
     </span>
     <span class='ocr_line' id='line_1_8' title="bbox 254 1023 1365 1117; baseline 0.005 -27"><span class='ocrx_word' id='word_1_66' title='bbox 254 1023 381 1113; x_wconf 83' lang='grc' dir='ltr'><strong><em>άνδρες,</em></strong></span> <span class='ocrx_word' id='word_1_67' title='bbox 409 1037 568 1113; x_wconf 74' lang='grc' dir='ltr'><strong><em>γυναῖκες,</em></strong></span> <span class='ocrx_word' id='word_1_68' title='bbox 593 1023 672 1110; x_wconf 87' lang='grc' dir='ltr'><strong><em>όμοῦ</em></strong></span> <span class='ocrx_word' id='word_1_69' title='bbox 694 1030 746 1094; x_wconf 78' lang='grc' dir='ltr'><strong><em>καί</em></strong></span> <span class='ocrx_word' id='word_1_70' title='bbox 767 1032 875 1111; x_wconf 76' lang='grc' dir='ltr'><strong><em>παισὶ,</em></strong></span> <span class='ocrx_word' id='word_1_71' title='bbox 909 1025 967 1107; x_wconf 88' lang='grc' dir='ltr'><strong><em>τάς</em></strong></span> <span class='ocrx_word' id='word_1_72' title='bbox 988 1056 1022 1098; x_wconf 90' lang='grc' dir='ltr'><strong><em>τε</em></strong></span> <span class='ocrx_word' id='word_1_73' title='bbox 1047 1028 1208 1117; x_wconf 79' lang='grc' dir='ltr'><strong><em>παρόδους</em></strong></span> <span class='ocrx_word' id='word_1_74' title='bbox 1234 1033 1287 1098; x_wconf 79' lang='grc' dir='ltr'><strong><em>καλ</em></strong></span> <span class='ocrx_word' id='word_1_75' title='bbox 1308 1031 1365 1108; x_wconf 83' lang='grc' dir='ltr'><strong><em>τός</em></strong></span> 
     </span>
     <span class='ocr_line' id='line_1_9' title="bbox 225 1127 1365 1220; baseline 0.003 -23"><span class='ocrx_word' id='word_1_76' title='bbox 225 1127 403 1217; x_wconf 75' lang='grc' dir='ltr'><strong><em>Βτριόδους</em></strong></span> <span class='ocrx_word' id='word_1_77' title='bbox 429 1131 537 1214; x_wconf 77' lang='grc' dir='ltr'><strong><em>συχνοί</em></strong></span> <span class='ocrx_word' id='word_1_78' title='bbox 558 1131 610 1196; x_wconf 82' lang='grc' dir='ltr'><strong><em>καί</em></strong></span> <span class='ocrx_word' id='word_1_79' title='bbox 630 1128 793 1217; x_wconf 80' lang='grc' dir='ltr'><strong><em>σποράδην</em></strong></span> <span class='ocrx_word' id='word_1_80' title='bbox 817 1135 869 1199; x_wconf 83' lang='grc' dir='ltr'><strong><em>καλ</em></strong></span> <span class='ocrx_word' id='word_1_81' title='bbox 890 1132 1005 1218; x_wconf 78' lang='grc' dir='ltr'><strong><em>ἀναμὶξ</em></strong></span> <span class='ocrx_word' id='word_1_82' title='bbox 1029 1131 1248 1220; x_wconf 76' lang='grc' dir='ltr'><strong><em>διελάγχανον,</em></strong></span> <span class='ocrx_word' id='word_1_83' title='bbox 1276 1133 1365 1202; x_wconf 82' lang='grc' dir='ltr'><strong><em>όλλοε</em></strong></span> 
     </span>
     <span class='ocr_line' id='line_1_10' title="bbox 254 1231 1365 1321; baseline 0.003 -21"><span class='ocrx_word' id='word_1_84' title='bbox 254 1231 326 1300; x_wconf 83' lang='grc' dir='ltr'><strong><em>κατ’</em></strong></span> <span class='ocrx_word' id='word_1_85' title='bbox 343 1232 424 1300; x_wconf 71' lang='lat' dir='ltr'>tnta</span> <span class='ocrx_word' id='word_1_86' title='bbox 438 1236 517 1319; x_wconf 86' lang='grc' dir='ltr'><strong><em>μέρη</em></strong></span> <span class='ocrx_word' id='word_1_87' title='bbox 537 1241 602 1300; x_wconf 82' lang='grc' dir='ltr'><strong><em>τῶν</em></strong></span> <span class='ocrx_word' id='word_1_88' title='bbox 624 1231 708 1302; x_wconf 78' lang='grc' dir='ltr'><strong><em>ὁδῶν</em></strong></span> <span class='ocrx_word' id='word_1_89' title='bbox 734 1233 970 1321; x_wconf 85' lang='grc' dir='ltr'><strong><em>συνιστάμενοι,</em></strong></span> <span class='ocrx_word' id='word_1_90' title='bbox 997 1241 1050 1304; x_wconf 72' lang='grc' dir='ltr'><strong><em>καὶ</em></strong></span> <span class='ocrx_word' id='word_1_91' title='bbox 1071 1234 1291 1316; x_wconf 71' lang='grc' dir='ltr'><strong><em>ἐποπτεύοντες</em></strong></span> <span class='ocrx_word' id='word_1_92' title='bbox 1313 1239 1365 1303; x_wconf 76' lang='grc' dir='ltr'><strong><em>καλ</em></strong></span> 
     </span>
     <span class='ocr_line' id='line_1_11' title="bbox 254 1335 1410 1428; baseline 0.003 -24"><span class='ocrx_word' id='word_1_93' title='bbox 254 1335 474 1424; x_wconf 83' lang='grc' dir='ltr'><strong><em>άνερευνιῦντες</em></strong></span> <span class='ocrx_word' id='word_1_94' title='bbox 490 1336 576 1415; x_wconf 77' lang='grc' dir='ltr'><strong><em>ὅστις</em></strong></span> <span class='ocrx_word' id='word_1_95' title='bbox 594 1337 640 1424; x_wconf 68' lang='grc' dir='ltr'><strong><em>εἴη</em></strong></span> <span class='ocrx_word' id='word_1_96' title='bbox 655 1335 672 1405; x_wconf 84' lang='grc' dir='ltr'><strong><em>ό</em></strong></span> <span class='ocrx_word' id='word_1_97' title='bbox 685 1343 864 1423; x_wconf 85' lang='grc' dir='ltr'><strong><em>Παλαμῦς,</em></strong></span> <span class='ocrx_word' id='word_1_98' title='bbox 888 1340 1039 1428; x_wconf 83' lang='grc' dir='ltr'><strong><em>ίφιίμενοε</em></strong></span> <span class='ocrx_word' id='word_1_99' title='bbox 1058 1341 1134 1419; x_wconf 87' lang='grc' dir='ltr'><strong><em>τοῦς</em></strong></span> <span class='ocrx_word' id='word_1_100' title='bbox 1153 1338 1286 1418; x_wconf 78' lang='grc' dir='ltr'><strong><em>ὀδόντας</em></strong></span> <span class='ocrx_word' id='word_1_101' title='bbox 1307 1343 1363 1426; x_wconf 80' lang='grc' dir='ltr'><strong><em>ἐμ·</em></strong></span> <span class='ocrx_word' id='word_1_102' title='bbox 1371 1351 1410 1408; x_wconf 83' lang='grc'><strong><em>10</em></strong></span> 
     </span>
     <span class='ocr_line' id='line_1_12' title="bbox 254 1439 1366 1532; baseline 0.002 -26"><span class='ocrx_word' id='word_1_103' title='bbox 254 1445 359 1526; x_wconf 76' lang='grc' dir='ltr'><strong><em>πῆξαι</em></strong></span> <span class='ocrx_word' id='word_1_104' title='bbox 376 1447 421 1532; x_wconf 77' lang='grc' dir='ltr'><strong><em>τῷ</em></strong></span> <span class='ocrx_word' id='word_1_105' title='bbox 443 1439 651 1531; x_wconf 78' lang='grc' dir='ltr'><strong><em>ταλαιπώρῳ,</em></strong></span> <span class='ocrx_word' id='word_1_106' title='bbox 675 1441 723 1510; x_wconf 83' lang='grc' dir='ltr'><strong><em>ότι</em></strong></span> <span class='ocrx_word' id='word_1_107' title='bbox 742 1442 784 1509; x_wconf 81' lang='grc' dir='ltr'><strong><em>τὰ</em></strong></span> <span class='ocrx_word' id='word_1_108' title='bbox 804 1441 922 1532; x_wconf 89' lang='grc' dir='ltr'><strong><em>πάτρια</em></strong></span> <span class='ocrx_word' id='word_1_109' title='bbox 943 1450 1001 1529; x_wconf 78' lang='grc' dir='ltr'><strong><em>τῆς</em></strong></span> <span class='ocrx_word' id='word_1_110' title='bbox 1020 1450 1078 1512; x_wconf 91' lang='grc' dir='ltr'><strong><em>τοῦ</em></strong></span> <span class='ocrx_word' id='word_1_111' title='bbox 1100 1451 1180 1512; x_wconf 88' lang='grc' dir='ltr'><strong><em>θεοῦ</em></strong></span> <span class='ocrx_word' id='word_1_112' title='bbox 1202 1446 1366 1531; x_wconf 70' lang='grc' dir='ltr'><strong><em>ἐκκλησίας</em></strong></span> 
     </span>
     <span class='ocr_line' id='line_1_13' title="bbox 141 1541 1364 1634; baseline 0.002 -22"><span class='ocrx_word' id='word_1_113' title='bbox 141 1559 173 1612; x_wconf 85' lang='lat' dir='ltr'><strong><em>V.</em></strong></span> <span class='ocrx_word' id='word_1_114' title='bbox 187 1557 240 1616; x_wconf 74' lang='grc'><strong><em>497</em></strong></span> <span class='ocrx_word' id='word_1_115' title='bbox 255 1541 418 1611; x_wconf 88' lang='grc' dir='ltr'><strong><em>καταλύειν</em></strong></span> <span class='ocrx_word' id='word_1_116' title='bbox 429 1541 557 1634; x_wconf 74' lang='grc' dir='ltr'><strong><em>τολμῴη</em></strong></span> <span class='ocrx_word' id='word_1_117' title='bbox 571 1543 733 1631; x_wconf 76' lang='grc' dir='ltr'><strong><em>δόγματα·</em></strong></span> <span class='ocrx_word' id='word_1_118' title='bbox 758 1549 811 1613; x_wconf 85' lang='grc' dir='ltr'><strong><em>κοιλ</em></strong></span> <span class='ocrx_word' id='word_1_119' title='bbox 824 1543 891 1631; x_wconf 82' lang='grc' dir='ltr'><strong><em>ἅμα</em></strong></span> <span class='ocrx_word' id='word_1_120' title='bbox 913 1559 1037 1632; x_wconf 81' lang='grc' dir='ltr'><strong><em>συχνοῖς</em></strong></span> <span class='ocrx_word' id='word_1_121' title='bbox 1057 1548 1237 1632; x_wconf 85' lang='grc' dir='ltr'><strong><em>άναθέμασι</em></strong></span> <span class='ocrx_word' id='word_1_122' title='bbox 1259 1555 1364 1617; x_wconf 86' lang='grc' dir='ltr'><strong><em>καθυ-</em></strong></span> 
     </span>
     <span class='ocr_line' id='line_1_14' title="bbox 253 1646 1364 1736; baseline 0.002 -22"><span class='ocrx_word' id='word_1_123' title='bbox 253 1649 426 1732; x_wconf 86' lang='grc' dir='ltr'><strong><em>πέβαλλον,</em></strong></span> <span class='ocrx_word' id='word_1_124' title='bbox 455 1647 558 1736; x_wconf 78' lang='grc' dir='ltr'><strong><em>ὥσπερ</em></strong></span> <span class='ocrx_word' id='word_1_125' title='bbox 580 1648 643 1716; x_wconf 87' lang='grc' dir='ltr'><strong><em>άπδ</em></strong></span> <span class='ocrx_word' id='word_1_126' title='bbox 664 1646 870 1734; x_wconf 77' lang='grc' dir='ltr'><strong><em>συνθήματος</em></strong></span> <span class='ocrx_word' id='word_1_127' title='bbox 890 1648 1042 1729; x_wconf 80' lang='grc' dir='ltr'><strong><em>ἅπαντες·</em></strong></span> <span class='ocrx_word' id='word_1_128' title='bbox 1076 1649 1120 1729; x_wconf 77' lang='grc' dir='ltr'><strong><em>ὥς</em></strong></span> <span class='ocrx_word' id='word_1_129' title='bbox 1140 1654 1252 1720; x_wconf 80' lang='grc' dir='ltr'><strong><em>ἐκεῖνον</em></strong></span> <span class='ocrx_word' id='word_1_130' title='bbox 1259 1703 1271 1735; x_wconf 97' lang='grc'><strong><em>,</em></strong></span> <span class='ocrx_word' id='word_1_131' title='bbox 1300 1655 1364 1719; x_wconf 63' lang='grc' dir='ltr'><strong><em>δεί,</em></strong></span> 
     </span>
     <span class='ocr_line' id='line_1_15' title="bbox 254 1752 1363 1842; baseline 0.001 -21"><span class='ocrx_word' id='word_1_132' title='bbox 254 1777 355 1822; x_wconf 86' lang='grc' dir='ltr'><strong><em>σαντα</em></strong></span> <span class='ocrx_word' id='word_1_133' title='bbox 378 1753 424 1839; x_wconf 86' lang='grc' dir='ltr'><strong><em>μὴ</em></strong></span> <span class='ocrx_word' id='word_1_134' title='bbox 447 1755 673 1839; x_wconf 78' lang='grc' dir='ltr'><strong><em>διασπαραχθή</em></strong></span> <span class='ocrx_word' id='word_1_135' title='bbox 686 1762 866 1842; x_wconf 79' lang='grc' dir='ltr'><strong><em>περιφανῶς</em></strong></span> <span class='ocrx_word' id='word_1_136' title='bbox 882 1752 1013 1835; x_wconf 78' lang='grc' dir='ltr'><strong><em>οῦτωσλ,</em></strong></span> <span class='ocrx_word' id='word_1_137' title='bbox 1036 1759 1233 1840; x_wconf 83' lang='grc' dir='ltr'><strong><em>συσταλῆναί</em></strong></span> <span class='ocrx_word' id='word_1_138' title='bbox 1247 1782 1281 1822; x_wconf 91' lang='grc' dir='ltr'><strong><em>τε</em></strong></span> <span class='ocrx_word' id='word_1_139' title='bbox 1305 1755 1363 1842; x_wconf 82' lang='grc' dir='ltr'><strong><em>τήν</em></strong></span> 
     </span>
     <span class='ocr_line' id='line_1_16' title="bbox 223 1853 1407 1946; baseline 0.007 -24"><span class='ocrx_word' id='word_1_140' title='bbox 223 1859 405 1942; x_wconf 75' lang='grc' dir='ltr'><strong><em>Εταχίστην</em></strong></span> <span class='ocrx_word' id='word_1_141' title='bbox 428 1857 481 1922; x_wconf 77' lang='grc' dir='ltr'><strong><em>καὶ</em></strong></span> <span class='ocrx_word' id='word_1_142' title='bbox 505 1853 766 1944; x_wconf 80' lang='grc' dir='ltr'><strong><em>ἀποκρύψασθαι.</em></strong></span> <span class='ocrx_word' id='word_1_143' title='bbox 808 1864 873 1924; x_wconf 83' lang='grc' dir='ltr'><strong><em>τῶν</em></strong></span> <span class='ocrx_word' id='word_1_144' title='bbox 892 1857 927 1924; x_wconf 74' lang='grc' dir='ltr'><strong><em>δ’</em></strong></span> <span class='ocrx_word' id='word_1_145' title='bbox 954 1858 1078 1942; x_wconf 87' lang='grc' dir='ltr'><strong><em>άλλων,</em></strong></span> <span class='ocrx_word' id='word_1_146' title='bbox 1107 1858 1200 1936; x_wconf 78' lang='grc' dir='ltr'><strong><em>ὅστις</em></strong></span> <span class='ocrx_word' id='word_1_147' title='bbox 1213 1859 1407 1946; x_wconf 72' lang='grc' dir='ltr'><strong><em>ἴγνωσταιλῦ</em></strong></span> 
     </span>
     <span class='ocr_line' id='line_1_17' title="bbox 254 1957 1364 2049; baseline 0.004 -23"><span class='ocrx_word' id='word_1_148' title='bbox 254 1966 366 2047; x_wconf 85' lang='grc' dir='ltr'><strong><em>σαφῶς</em></strong></span> <span class='ocrx_word' id='word_1_149' title='bbox 385 1965 442 2044; x_wconf 83' lang='grc' dir='ltr'><strong><em>τῆς</em></strong></span> <span class='ocrx_word' id='word_1_150' title='bbox 453 1961 567 2026; x_wconf 90' lang='grc' dir='ltr'><strong><em>ἐκείνου</em></strong></span> <span class='ocrx_word' id='word_1_151' title='bbox 584 1961 719 2047; x_wconf 77' lang='grc' dir='ltr'><strong><em>φατρίας</em></strong></span> <span class='ocrx_word' id='word_1_152' title='bbox 734 1957 796 2043; x_wconf 76' lang='grc' dir='ltr'><strong><em>ὢν,</em></strong></span> <span class='ocrx_word' id='word_1_153' title='bbox 820 1964 916 2049; x_wconf 79' lang='grc' dir='ltr'><strong><em>χωρίς</em></strong></span> <span class='ocrx_word' id='word_1_154' title='bbox 935 1967 1062 2047; x_wconf 80' lang='grc' dir='ltr'><strong><em>πληγῶν</em></strong></span> <span class='ocrx_word' id='word_1_155' title='bbox 1081 1962 1182 2039; x_wconf 76' lang='grc' dir='ltr'><strong><em>οὐδεὶς</em></strong></span> <span class='ocrx_word' id='word_1_156' title='bbox 1202 1961 1364 2048; x_wconf 75' lang='grc' dir='ltr'><strong><em>ἀπηλλάτ-</em></strong></span> 
     </span>
     <span class='ocr_line' id='line_1_18' title="bbox 254 2059 1365 2152; baseline 0.005 -22"><span class='ocrx_word' id='word_1_157' title='bbox 254 2087 324 2130; x_wconf 87' lang='grc' dir='ltr'><strong><em>τετο</em></strong></span> <span class='ocrx_word' id='word_1_158' title='bbox 334 2112 346 2145; x_wconf 97' lang='grc'><strong><em>,</em></strong></span> <span class='ocrx_word' id='word_1_159' title='bbox 368 2062 448 2148; x_wconf 81' lang='grc' dir='ltr'><strong><em>πλὴν</em></strong></span> <span class='ocrx_word' id='word_1_160' title='bbox 466 2062 551 2141; x_wconf 78' lang='grc' dir='ltr'><strong><em>ὅστις</em></strong></span> <span class='ocrx_word' id='word_1_161' title='bbox 565 2059 725 2148; x_wconf 89' lang='grc' dir='ltr'><strong><em>ῦπάκρισιν</em></strong></span> <span class='ocrx_word' id='word_1_162' title='bbox 742 2060 850 2150; x_wconf 71' lang='grc' dir='ltr'><strong><em>ἐτέρου</em></strong></span> <span class='ocrx_word' id='word_1_163' title='bbox 868 2062 1039 2152; x_wconf 76' lang='grc' dir='ltr'><strong><em>προστάτου</em></strong></span> <span class='ocrx_word' id='word_1_164' title='bbox 1057 2063 1227 2151; x_wconf 92' lang='grc' dir='ltr'><strong><em>λαμβάνων</em></strong></span> <span class='ocrx_word' id='word_1_165' title='bbox 1248 2064 1365 2150; x_wconf 75' lang='grc' dir='ltr'><strong><em>ὁμοίως</em></strong></span> 
     </span>
     <span class='ocr_line' id='line_1_19' title="bbox 254 2165 1364 2253; baseline 0.002 -20"><span class='ocrx_word' id='word_1_166' title='bbox 254 2177 322 2243; x_wconf 86' lang='grc' dir='ltr'><strong><em>τοῖς</em></strong></span> <span class='ocrx_word' id='word_1_167' title='bbox 343 2165 450 2244; x_wconf 85' lang='grc' dir='ltr'><strong><em>άλλοις</em></strong></span> <span class='ocrx_word' id='word_1_168' title='bbox 472 2166 650 2251; x_wconf 82' lang='grc' dir='ltr'><strong><em>άναθίματι</em></strong></span> <span class='ocrx_word' id='word_1_169' title='bbox 671 2169 722 2234; x_wconf 80' lang='grc' dir='ltr'><strong><em>καλ</em></strong></span> <span class='ocrx_word' id='word_1_170' title='bbox 741 2165 835 2253; x_wconf 84' lang='grc' dir='ltr'><strong><em>άραῖς</em></strong></span> <span class='ocrx_word' id='word_1_171' title='bbox 852 2173 1016 2252; x_wconf 86' lang='grc' dir='ltr'><strong><em>Παλαμάν</em></strong></span> <span class='ocrx_word' id='word_1_172' title='bbox 1035 2172 1087 2236; x_wconf 79' lang='grc' dir='ltr'><strong><em>καὶ</em></strong></span> <span class='ocrx_word' id='word_1_173' title='bbox 1108 2169 1204 2248; x_wconf 84' lang='grc' dir='ltr'><strong><em>αῦτδς</em></strong></span> <span class='ocrx_word' id='word_1_174' title='bbox 1220 2171 1364 2237; x_wconf 76' lang='grc' dir='ltr'><strong><em>καθυπέ-</em></strong></span> 
     </span>
     <span class='ocr_line' id='line_1_20' title="bbox 253 2267 1364 2360; baseline 0.004 -24"><span class='ocrx_word' id='word_1_175' title='bbox 253 2275 360 2354; x_wconf 89' lang='grc' dir='ltr'><strong><em>βαλλε.</em></strong></span> <span class='ocrx_word' id='word_1_176' title='bbox 397 2273 448 2336; x_wconf 69' lang='grc' dir='ltr'><strong><em>καὶ</em></strong></span> <span class='ocrx_word' id='word_1_177' title='bbox 461 2272 519 2355; x_wconf 83' lang='grc' dir='ltr'><strong><em>μέν</em></strong></span> <span class='ocrx_word' id='word_1_178' title='bbox 541 2271 580 2357; x_wconf 82' lang='grc' dir='ltr'><strong><em>δή</em></strong></span> <span class='ocrx_word' id='word_1_179' title='bbox 599 2268 728 2338; x_wconf 86' lang='grc' dir='ltr'><strong><em>κατόπιν</em></strong></span> <span class='ocrx_word' id='word_1_180' title='bbox 747 2267 831 2355; x_wconf 86' lang='grc' dir='ltr'><strong><em>ήμῦς</em></strong></span> <span class='ocrx_word' id='word_1_181' title='bbox 845 2269 987 2349; x_wconf 90' lang='grc' dir='ltr'><strong><em>ἐπιόντας</em></strong></span> <span class='ocrx_word' id='word_1_182' title='bbox 1003 2284 1070 2351; x_wconf 82' lang='grc' dir='ltr'><strong><em>τοῖς</em></strong></span> <span class='ocrx_word' id='word_1_183' title='bbox 1080 2271 1191 2356; x_wconf 85' lang='grc' dir='ltr'><strong><em>ῦμνοις</em></strong></span> <span class='ocrx_word' id='word_1_184' title='bbox 1206 2270 1364 2360; x_wconf 82' lang='grc' dir='ltr'><strong><em>ἐγέραιρόν</em></strong></span> 
     </span>
     <span class='ocr_line' id='line_1_21' title="bbox 254 2371 1405 2464; baseline 0.004 -23"><span class='ocrx_word' id='word_1_185' title='bbox 254 2375 357 2441; x_wconf 77' lang='grc' dir='ltr'><strong><em>τεκαὶ</em></strong></span> <span class='ocrx_word' id='word_1_186' title='bbox 380 2371 589 2464; x_wconf 86' lang='grc' dir='ltr'><strong><em>ἐστεφάνουν,</em></strong></span> <span class='ocrx_word' id='word_1_187' title='bbox 613 2371 656 2452; x_wconf 77' lang='grc' dir='ltr'><strong><em>ὥς</em></strong></span> <span class='ocrx_word' id='word_1_188' title='bbox 675 2383 732 2461; x_wconf 82' lang='grc' dir='ltr'><strong><em>τῆς</em></strong></span> <span class='ocrx_word' id='word_1_189' title='bbox 748 2378 881 2461; x_wconf 87' lang='grc' dir='ltr'><strong><em>πατρίου</em></strong></span> <span class='ocrx_word' id='word_1_190' title='bbox 900 2372 995 2460; x_wconf 87' lang='grc' dir='ltr'><strong><em>δόξης</em></strong></span> <span class='ocrx_word' id='word_1_191' title='bbox 1011 2380 1063 2442; x_wconf 80' lang='grc' dir='ltr'><strong><em>καί</em></strong></span> <span class='ocrx_word' id='word_1_192' title='bbox 1079 2377 1237 2461; x_wconf 78' lang='grc' dir='ltr'><strong><em>εὐσεβείας</em></strong></span> <span class='ocrx_word' id='word_1_193' title='bbox 1257 2377 1405 2462; x_wconf 64' lang='lat' dir='ltr'><strong><em>‹iilo-z]</em></strong></span> 
     </span>
     <span class='ocr_line' id='line_1_22' title="bbox 224 2475 1365 2572; baseline 0.002 -28"><span class='ocrx_word' id='word_1_194' title='bbox 224 2476 314 2556; x_wconf 62' lang='lat' dir='ltr'>arte</span> <span class='ocrx_word' id='word_1_195' title='bbox 334 2481 387 2544; x_wconf 76' lang='grc' dir='ltr'><strong><em>καὶ</em></strong></span> <span class='ocrx_word' id='word_1_196' title='bbox 413 2475 590 2565; x_wconf 79' lang='grc' dir='ltr'><strong><em>προβόλους</em></strong></span> <span class='ocrx_word' id='word_1_197' title='bbox 612 2480 665 2545; x_wconf 77' lang='grc' dir='ltr'><strong><em>καὶ</em></strong></span> <span class='ocrx_word' id='word_1_198' title='bbox 694 2480 798 2572; x_wconf 75' lang='grc' dir='ltr'><strong><em>ῥᾷστα</em></strong></span> <span class='ocrx_word' id='word_1_199' title='bbox 822 2478 863 2566; x_wconf 81' lang='grc' dir='ltr'><strong><em>δή</em></strong></span> <span class='ocrx_word' id='word_1_200' title='bbox 883 2479 922 2547; x_wconf 92' lang='grc' dir='ltr'><strong><em>τδ</em></strong></span> <span class='ocrx_word' id='word_1_201' title='bbox 945 2482 999 2567; x_wconf 78' lang='grc' dir='ltr'><strong><em>ζῇν</em></strong></span> <span class='ocrx_word' id='word_1_202' title='bbox 1022 2477 1168 2563; x_wconf 71' lang='grc' dir='ltr'><strong><em>ἑτοίμους</em></strong></span> <span class='ocrx_word' id='word_1_203' title='bbox 1193 2485 1365 2568; x_wconf 76' lang='grc' dir='ltr'><strong><em>προίεσθαι</em></strong></span> 
     </span>
     <span class='ocr_line' id='line_1_23' title="bbox 253 2580 1365 2672; baseline 0.002 -24"><span class='ocrx_word' id='word_1_204' title='bbox 253 2588 406 2670; x_wconf 83' lang='grc' dir='ltr'><strong><em>λαμπρῶς</em></strong></span> <span class='ocrx_word' id='word_1_205' title='bbox 429 2580 507 2672; x_wconf 86' lang='grc' dir='ltr'><strong><em>ῦπέρ</em></strong></span> <span class='ocrx_word' id='word_1_206' title='bbox 527 2589 592 2653; x_wconf 81' lang='grc' dir='ltr'><strong><em>τῶν</em></strong></span> <span class='ocrx_word' id='word_1_207' title='bbox 614 2583 759 2669; x_wconf 77' lang='grc' dir='ltr'><strong><em>κειμένων</em></strong></span> <span class='ocrx_word' id='word_1_208' title='bbox 782 2580 907 2650; x_wconf 80' lang='grc' dir='ltr'><strong><em>άνωθεν</em></strong></span> <span class='ocrx_word' id='word_1_209' title='bbox 932 2590 990 2669; x_wconf 78' lang='grc' dir='ltr'><strong><em>τῆς</em></strong></span> <span class='ocrx_word' id='word_1_210' title='bbox 1010 2590 1068 2650; x_wconf 91' lang='grc' dir='ltr'><strong><em>τοῦ</em></strong></span> <span class='ocrx_word' id='word_1_211' title='bbox 1090 2590 1171 2650; x_wconf 89' lang='grc' dir='ltr'><strong><em>θεοῦ</em></strong></span> <span class='ocrx_word' id='word_1_212' title='bbox 1200 2586 1365 2670; x_wconf 83' lang='grc' dir='ltr'><strong><em>ἐκκλησίας</em></strong></span> 
     </span>
     <span class='ocr_line' id='line_1_24' title="bbox 251 2683 1364 2779; baseline 0.001 -26"><span class='ocrx_word' id='word_1_213' title='bbox 251 2686 427 2774; x_wconf 77' lang='grc' dir='ltr'><strong><em>δογμάτων.</em></strong></span> <span class='ocrx_word' id='word_1_214' title='bbox 482 2687 548 2779; x_wconf 78' lang='grc' dir='ltr'>(Ε.)</span> <span class='ocrx_word' id='word_1_215' title='bbox 574 2691 640 2755; x_wconf 80' lang='grc' dir='ltr'><strong><em>Καὶ</em></strong></span> <span class='ocrx_word' id='word_1_216' title='bbox 662 2683 679 2755; x_wconf 89' lang='grc' dir='ltr'><strong><em>ό</em></strong></span> <span class='ocrx_word' id='word_1_217' title='bbox 701 2689 759 2773; x_wconf 87' lang='grc' dir='ltr'><strong><em>μέν</em></strong></span> <span class='ocrx_word' id='word_1_218' title='bbox 783 2693 841 2772; x_wconf 79' lang='grc' dir='ltr'><strong><em>τῆς</em></strong></span> <span class='ocrx_word' id='word_1_219' title='bbox 862 2685 989 2775; x_wconf 86' lang='grc' dir='ltr'><strong><em>πράτης</em></strong></span> <span class='ocrx_word' id='word_1_220' title='bbox 1010 2683 1085 2772; x_wconf 82' lang='grc' dir='ltr'><strong><em>ήμῖν</em></strong></span> <span class='ocrx_word' id='word_1_221' title='bbox 1108 2683 1228 2775; x_wconf 72' lang='grc' dir='ltr'><strong><em>ἡμέρας</em></strong></span> <span class='ocrx_word' id='word_1_222' title='bbox 1248 2689 1364 2773; x_wconf 86' lang='grc' dir='ltr'><strong><em>ἐκείνης</em></strong></span> 
     </span>
     <span class='ocr_line' id='line_1_25' title="bbox 251 2786 1362 2883; baseline 0.001 -25"><span class='ocrx_word' id='word_1_223' title='bbox 251 2798 350 2869; x_wconf 91' lang='grc' dir='ltr'><strong><em>πλοῦς</em></strong></span> <span class='ocrx_word' id='word_1_224' title='bbox 369 2790 452 2859; x_wconf 89' lang='grc' dir='ltr'><strong><em>οῦτω</em></strong></span> <span class='ocrx_word' id='word_1_225' title='bbox 470 2799 574 2870; x_wconf 81' lang='grc' dir='ltr'><strong><em>καλῶς</em></strong></span> <span class='ocrx_word' id='word_1_226' title='bbox 594 2794 646 2859; x_wconf 75' lang='grc' dir='ltr'><strong><em>καὶ</em></strong></span> <span class='ocrx_word' id='word_1_227' title='bbox 665 2793 724 2860; x_wconf 86' lang='grc' dir='ltr'><strong><em>σόν</em></strong></span> <span class='ocrx_word' id='word_1_228' title='bbox 745 2791 902 2883; x_wconf 80' lang='grc' dir='ltr'><strong><em>άσφαλείρ</em></strong></span> <span class='ocrx_word' id='word_1_229' title='bbox 921 2786 1100 2874; x_wconf 87' lang='grc' dir='ltr'><strong><em>διήνυσται,</em></strong></span> <span class='ocrx_word' id='word_1_230' title='bbox 1123 2796 1180 2874; x_wconf 78' lang='grc' dir='ltr'><strong><em>τῆς</em></strong></span> <span class='ocrx_word' id='word_1_231' title='bbox 1202 2797 1259 2858; x_wconf 88' lang='grc' dir='ltr'><strong><em>τοῦ</em></strong></span> <span class='ocrx_word' id='word_1_232' title='bbox 1280 2798 1362 2859; x_wconf 87' lang='grc' dir='ltr'><strong><em>θεοῦ</em></strong></span> 
     </span>
     <span class='ocr_line' id='line_1_26' title="bbox 120 2890 1403 2983; baseline 0 -21"><span class='ocrx_word' id='word_1_233' title='bbox 120 2891 124 2900; x_wconf 67' lang='grc'><strong>’</strong></span> <span class='ocrx_word' id='word_1_234' title='bbox 160 2921 164 2936; x_wconf 88' lang='grc'><em>’</em></span> <span class='ocrx_word' id='word_1_235' title='bbox 252 2895 564 2983; x_wconf 80' lang='grc' dir='ltr'><strong><em>δεξιῦςοίακιζοάσης</em></strong></span> <span class='ocrx_word' id='word_1_236' title='bbox 583 2895 718 2982; x_wconf 76' lang='grc' dir='ltr'><strong><em>τὴντῶν</em></strong></span> <span class='ocrx_word' id='word_1_237' title='bbox 738 2891 895 2982; x_wconf 67' lang='grc' dir='ltr'><strong><em>ἡμετέρων</em></strong></span> <span class='ocrx_word' id='word_1_238' title='bbox 912 2890 1040 2980; x_wconf 85' lang='grc' dir='ltr'><strong><em>άγάνων</em></strong></span> <span class='ocrx_word' id='word_1_239' title='bbox 1060 2890 1179 2960; x_wconf 83' lang='grc' dir='ltr'><strong><em>ὅλκάδα</em></strong></span> <span class='ocrx_word' id='word_1_240' title='bbox 1204 2897 1255 2961; x_wconf 76' lang='grc' dir='ltr'><strong><em>καί</em></strong></span> <span class='ocrx_word' id='word_1_241' title='bbox 1275 2901 1403 2978; x_wconf 81' lang='grc' dir='ltr'><strong><em>κῦμα25</em></strong></span> 
     </span>
    </p>
   </div>
   <div class='ocr_carea' id='block_1_3' title="bbox 153 3023 1363 4346">
    <p class='ocr_par' dir='ltr' id='par_1_3' title="bbox 153 3023 1363 4346">
     <span class='ocr_line' id='line_1_27' title="bbox 251 3023 1362 3097; baseline -0.001 -16"><span class='ocrx_word' id='word_1_242' title='bbox 251 3024 348 3090; x_wconf 87' lang='lat' dir='ltr'>eundo,</span> <span class='ocrx_word' id='word_1_243' title='bbox 365 3043 434 3096; x_wconf 84' lang='lat' dir='ltr'>quaa</span> <span class='ocrx_word' id='word_1_244' title='bbox 449 3027 571 3080; x_wconf 83' lang='lat' dir='ltr'>viderant</span> <span class='ocrx_word' id='word_1_245' title='bbox 586 3033 695 3097; x_wconf 80' lang='lat' dir='ltr'>atquae</span> <span class='ocrx_word' id='word_1_246' title='bbox 710 3023 862 3088; x_wconf 83' lang='lat' dir='ltr'>audierant,</span> <span class='ocrx_word' id='word_1_247' title='bbox 879 3023 952 3077; x_wconf 85' lang='lat' dir='ltr'>clara</span> <span class='ocrx_word' id='word_1_248' title='bbox 963 3040 1029 3076; x_wconf 81' lang='lat' dir='ltr'>vace</span> <span class='ocrx_word' id='word_1_249' title='bbox 1041 3023 1205 3077; x_wconf 73' lang='lat' dir='ltr'>nunciabant.</span> <span class='ocrx_word' id='word_1_250' title='bbox 1240 3025 1288 3078; x_wconf 81' lang='lat' dir='ltr'><strong><em>Sic</em></strong></span> <span class='ocrx_word' id='word_1_251' title='bbox 1299 3027 1362 3081; x_wconf 86' lang='lat' dir='ltr'>bre·</span> 
     </span>
     <span class='ocr_line' id='line_1_28' title="bbox 252 3093 1361 3164; baseline 0.002 -16"><span class='ocrx_word' id='word_1_252' title='bbox 252 3095 279 3148; x_wconf 84' lang='lat' dir='ltr'>ri</span> <span class='ocrx_word' id='word_1_253' title='bbox 293 3103 410 3164; x_wconf 84' lang='lat' dir='ltr'>tempore</span> <span class='ocrx_word' id='word_1_254' title='bbox 428 3113 505 3149; x_wconf 84' lang='lat' dir='ltr'>aurea</span> <span class='ocrx_word' id='word_1_255' title='bbox 521 3097 601 3149; x_wconf 80' lang='lat' dir='ltr'>totius</span> <span class='ocrx_word' id='word_1_256' title='bbox 617 3095 690 3147; x_wconf 88' lang='lat' dir='ltr'>urbia</span> <span class='ocrx_word' id='word_1_257' title='bbox 706 3094 839 3164; x_wconf 79' lang='lat' dir='ltr'>permit,</span> <span class='ocrx_word' id='word_1_258' title='bbox 857 3100 886 3146; x_wconf 88' lang='lat' dir='ltr'>et</span> <span class='ocrx_word' id='word_1_259' title='bbox 904 3093 1077 3163; x_wconf 72' lang='lat' dir='ltr'><strong>spectaculum</strong></span> <span class='ocrx_word' id='word_1_260' title='bbox 1092 3093 1220 3164; x_wconf 79' lang='lat' dir='ltr'>publicum</span> <span class='ocrx_word' id='word_1_261' title='bbox 1234 3095 1301 3158; x_wconf 83' lang='lat' dir='ltr'>fnit,</span> <span class='ocrx_word' id='word_1_262' title='bbox 1318 3098 1361 3150; x_wconf 83' lang='lat' dir='ltr'><strong><em>vi-</em></strong></span> 
     </span>
     <span class='ocr_line' id='line_1_29' title="bbox 252 3162 1362 3232; baseline 0.003 -14"><span class='ocrx_word' id='word_1_263' title='bbox 252 3165 289 3218; x_wconf 86' lang='lat' dir='ltr'>cti</span> <span class='ocrx_word' id='word_1_264' title='bbox 303 3165 422 3218; x_wconf 87' lang='lat' dir='ltr'>Palamae</span> <span class='ocrx_word' id='word_1_265' title='bbox 436 3173 464 3218; x_wconf 88' lang='lat' dir='ltr'>et</span> <span class='ocrx_word' id='word_1_266' title='bbox 475 3173 631 3219; x_wconf 73' lang='lat' dir='ltr'>amiantum</span> <span class='ocrx_word' id='word_1_267' title='bbox 646 3163 701 3217; x_wconf 82' lang='lat' dir='ltr'>eico</span> <span class='ocrx_word' id='word_1_268' title='bbox 719 3162 874 3232; x_wconf 70' lang='lat' dir='ltr'>ignominiae</span> <span class='ocrx_word' id='word_1_269' title='bbox 891 3169 946 3217; x_wconf 87' lang='lat' dir='ltr'><strong><em>tum</em></strong></span> <span class='ocrx_word' id='word_1_270' title='bbox 969 3179 1034 3232; x_wconf 84' lang='lat' dir='ltr'>quaa</span> <span class='ocrx_word' id='word_1_271' title='bbox 1053 3163 1088 3216; x_wconf 93' lang='lat' dir='ltr'><strong><em>ob</em></strong></span> <span class='ocrx_word' id='word_1_272' title='bbox 1109 3181 1202 3217; x_wconf 82' lang='lat' dir='ltr'>caueae</span> <span class='ocrx_word' id='word_1_273' title='bbox 1222 3166 1307 3218; x_wconf 82' lang='lat' dir='ltr'>victua</span> <span class='ocrx_word' id='word_1_274' title='bbox 1329 3183 1362 3221; x_wconf 87' lang='lat' dir='ltr'><strong><em>ac</em></strong></span> 
     </span>
     <span class='ocr_line' id='line_1_30' title="bbox 272 3232 1361 3302; baseline 0.001 -15"><span class='ocrx_word' id='word_1_275' title='bbox 272 3235 352 3288; x_wconf 89' lang='lat' dir='ltr'>udore</span> <span class='ocrx_word' id='word_1_276' title='bbox 369 3235 495 3288; x_wconf 74' lang='lat' dir='ltr'>conturna</span> <span class='ocrx_word' id='word_1_277' title='bbox 508 3235 618 3298; x_wconf 78' lang='lat' dir='ltr'>suimet,</span> <span class='ocrx_word' id='word_1_278' title='bbox 636 3232 797 3301; x_wconf 81' lang='lat' dir='ltr'>divulgatum</span> <span class='ocrx_word' id='word_1_279' title='bbox 819 3239 869 3288; x_wconf 81' lang='lat' dir='ltr'>eat.</span> <span class='ocrx_word' id='word_1_280' title='bbox 903 3233 998 3302; x_wconf 83' lang='lat' dir='ltr'>ltaque</span> <span class='ocrx_word' id='word_1_281' title='bbox 1012 3233 1131 3286; x_wconf 73' lang='lat' dir='ltr'>domibus</span> <span class='ocrx_word' id='word_1_282' title='bbox 1145 3234 1309 3300; x_wconf 69' lang='lat' dir='ltr'>eradicata,</span> <span class='ocrx_word' id='word_1_283' title='bbox 1330 3243 1361 3288; x_wconf 86' lang='lat' dir='ltr'>ut</span> 
     </span>
     <span class='ocr_line' id='line_1_31' title="bbox 251 3251 1361 3376; baseline 0.003 -20"><span class='ocrx_word' id='word_1_284' title='bbox 251 3251 308 3356; x_wconf 64' lang='grc' dir='ltr'><strong><em>ἐστε</em></strong></span> <span class='ocrx_word' id='word_1_285' title='bbox 325 3304 402 3371; x_wconf 86' lang='lat' dir='ltr'>tulit,</span> <span class='ocrx_word' id='word_1_286' title='bbox 419 3305 515 3373; x_wconf 73' lang='lat' dir='ltr'>singuli</span> <span class='ocrx_word' id='word_1_287' title='bbox 529 3305 635 3358; x_wconf 81' lang='lat' dir='ltr'>confaao</span> <span class='ocrx_word' id='word_1_288' title='bbox 651 3303 758 3366; x_wconf 88' lang='lat' dir='ltr'>ordina,</span> <span class='ocrx_word' id='word_1_289' title='bbox 775 3301 843 3366; x_wconf 83' lang='lat' dir='ltr'>riri,</span> <span class='ocrx_word' id='word_1_290' title='bbox 860 3301 996 3367; x_wconf 80' lang='lat' dir='ltr'>muliarea,</span> <span class='ocrx_word' id='word_1_291' title='bbox 1014 3302 1104 3373; x_wconf 78' lang='lat' dir='ltr'>pueri,</span> <span class='ocrx_word' id='word_1_292' title='bbox 1121 3303 1194 3357; x_wconf 79' lang='lat' dir='ltr'>riona</span> <span class='ocrx_word' id='word_1_293' title='bbox 1207 3311 1236 3357; x_wconf 84' lang='lat' dir='ltr'>et</span> <span class='ocrx_word' id='word_1_294' title='bbox 1248 3304 1361 3376; x_wconf 84' lang='lat' dir='ltr'>compita</span> 
     </span>
     <span class='ocr_line' id='line_1_32' title="bbox 252 3371 1361 3445; baseline 0.001 -18"><span class='ocrx_word' id='word_1_295' title='bbox 252 3374 417 3443; x_wconf 80' lang='lat' dir='ltr'>frequenter,</span> <span class='ocrx_word' id='word_1_296' title='bbox 436 3375 506 3439; x_wconf 88' lang='lat' dir='ltr'>rari,</span> <span class='ocrx_word' id='word_1_297' title='bbox 524 3373 678 3445; x_wconf 82' lang='lat' dir='ltr'>promiscui,</span> <span class='ocrx_word' id='word_1_298' title='bbox 695 3371 764 3425; x_wconf 84' lang='lat' dir='ltr'>inter</span> <span class='ocrx_word' id='word_1_299' title='bbox 784 3387 815 3424; x_wconf 84' lang='lat' dir='ltr'><strong><em>aa</em></strong></span> <span class='ocrx_word' id='word_1_300' title='bbox 902 3372 1029 3436; x_wconf 83' lang='lat' dir='ltr'>ebantur,</span> <span class='ocrx_word' id='word_1_301' title='bbox 1053 3378 1082 3426; x_wconf 87' lang='lat' dir='ltr'>et</span> <span class='ocrx_word' id='word_1_302' title='bbox 1101 3371 1145 3425; x_wconf 87' lang='lat' dir='ltr'>alii</span> <span class='ocrx_word' id='word_1_303' title='bbox 1164 3373 1223 3426; x_wconf 83' lang='lat' dir='ltr'>aliia</span> <span class='ocrx_word' id='word_1_304' title='bbox 1243 3374 1361 3428; x_wconf 83' lang='lat' dir='ltr'>vicorum</span> 
     </span>
     <span class='ocr_line' id='line_1_33' title="bbox 252 3439 1363 3525; baseline 0.002 -30"><span class='ocrx_word' id='word_1_305' title='bbox 252 3443 372 3514; x_wconf 80' lang='lat' dir='ltr'>pertibua</span> <span class='ocrx_word' id='word_1_306' title='bbox 384 3444 506 3511; x_wconf 86' lang='lat' dir='ltr'>inreeaia,</span> <span class='ocrx_word' id='word_1_307' title='bbox 525 3445 643 3514; x_wconf 85' lang='lat' dir='ltr'>quianam</span> <span class='ocrx_word' id='word_1_308' title='bbox 655 3447 726 3496; x_wconf 82' lang='lat' dir='ltr'>eaaet</span> <span class='ocrx_word' id='word_1_309' title='bbox 740 3439 816 3494; x_wconf 83' lang='lat' dir='ltr'>illel’</span> <span class='ocrx_word' id='word_1_310' title='bbox 843 3457 914 3494; x_wconf 86' lang='lat' dir='ltr'>amaa</span> <span class='ocrx_word' id='word_1_311' title='bbox 929 3442 1099 3525; x_wconf 67' lang='lat' dir='ltr'>explorabant</span> <span class='ocrx_word' id='word_1_312' title='bbox 1120 3447 1148 3495; x_wconf 86' lang='lat' dir='ltr'>et</span> <span class='ocrx_word' id='word_1_313' title='bbox 1164 3444 1268 3497; x_wconf 88' lang='lat' dir='ltr'>caricae</span> <span class='ocrx_word' id='word_1_314' title='bbox 1286 3442 1363 3497; x_wconf 85' lang='lat' dir='ltr'>inve-</span> 
     </span>
     <span class='ocr_line' id='line_1_34' title="bbox 252 3510 1362 3584; baseline 0 -18"><span class='ocrx_word' id='word_1_315' title='bbox 252 3515 400 3583; x_wconf 69' lang='lat' dir='ltr'>rugabant,</span> <span class='ocrx_word' id='word_1_316' title='bbox 419 3523 499 3584; x_wconf 86' lang='lat' dir='ltr'>atque</span> <span class='ocrx_word' id='word_1_317' title='bbox 517 3515 555 3568; x_wconf 90' lang='lat' dir='ltr'>llll</span> <span class='ocrx_word' id='word_1_318' title='bbox 571 3513 684 3576; x_wconf 77' lang='lat' dir='ltr'>infelici,</span> <span class='ocrx_word' id='word_1_319' title='bbox 709 3511 779 3582; x_wconf 88' lang='lat' dir='ltr'>quod</span> <span class='ocrx_word' id='word_1_320' title='bbox 798 3518 904 3564; x_wconf 71' lang='lat' dir='ltr'>amotae</span> <span class='ocrx_word' id='word_1_321' title='bbox 922 3511 974 3564; x_wconf 87' lang='lat' dir='ltr'>Der</span> <span class='ocrx_word' id='word_1_322' title='bbox 989 3510 1115 3564; x_wconf 72' lang='lat' dir='ltr'>eccleciae</span> <span class='ocrx_word' id='word_1_323' title='bbox 1132 3513 1218 3582; x_wconf 82' lang='lat' dir='ltr'>patria</span> <span class='ocrx_word' id='word_1_324' title='bbox 1239 3512 1362 3583; x_wconf 75' lang='lat' dir='ltr'>dogmata</span> 
     </span>
     <span class='ocr_line' id='line_1_35' title="bbox 252 3579 1361 3652; baseline -0.001 -14"><span class='ocrx_word' id='word_1_325' title='bbox 252 3585 403 3638; x_wconf 85' lang='lat' dir='ltr'>reacindera</span> <span class='ocrx_word' id='word_1_326' title='bbox 417 3585 534 3649; x_wconf 84' lang='lat' dir='ltr'>auderet,</span> <span class='ocrx_word' id='word_1_327' title='bbox 547 3585 649 3637; x_wconf 80' lang='lat' dir='ltr'>dentem</span> <span class='ocrx_word' id='word_1_328' title='bbox 660 3581 782 3634; x_wconf 80' lang='lat' dir='ltr'>lnleatum</span> <span class='ocrx_word' id='word_1_329' title='bbox 792 3579 904 3651; x_wconf 79' lang='lat' dir='ltr'>infigere</span> <span class='ocrx_word' id='word_1_330' title='bbox 916 3580 1072 3650; x_wconf 78' lang='lat' dir='ltr'>cupiebanta</span> <span class='ocrx_word' id='word_1_331' title='bbox 1090 3581 1252 3652; x_wconf 80' lang='lat' dir='ltr'>eundemque</span> <span class='ocrx_word' id='word_1_332' title='bbox 1264 3599 1361 3648; x_wconf 63' lang='lat' dir='ltr'>omna,</span> 
     </span>
     <span class='ocr_line' id='line_1_36' title="bbox 252 3651 1363 3724; baseline -0.001 -17"><span class='ocrx_word' id='word_1_333' title='bbox 252 3656 326 3708; x_wconf 81' lang='lat' dir='ltr'>velut</span> <span class='ocrx_word' id='word_1_334' title='bbox 340 3654 373 3707; x_wconf 88' lang='lat' dir='ltr'><strong><em>de</em></strong></span> <span class='ocrx_word' id='word_1_335' title='bbox 387 3663 539 3724; x_wconf 85' lang='lat' dir='ltr'>compacto,</span> <span class='ocrx_word' id='word_1_336' title='bbox 556 3653 776 3716; x_wconf 73' lang='lat' dir='ltr'>exsecrabantur,</span> <span class='ocrx_word' id='word_1_337' title='bbox 792 3654 926 3720; x_wconf 86' lang='lat' dir='ltr'>multoque</span> <span class='ocrx_word' id='word_1_338' title='bbox 938 3655 967 3704; x_wconf 85' lang='lat' dir='ltr'>et</span> <span class='ocrx_word' id='word_1_339' title='bbox 980 3651 1072 3703; x_wconf 84' lang='lat' dir='ltr'>crebro</span> <span class='ocrx_word' id='word_1_340' title='bbox 1085 3651 1248 3706; x_wconf 78' lang='lat' dir='ltr'>anathemate</span> <span class='ocrx_word' id='word_1_341' title='bbox 1260 3653 1363 3722; x_wconf 81' lang='lat' dir='ltr'>percel-</span> 
     </span>
     <span class='ocr_line' id='line_1_37' title="bbox 253 3719 1361 3790; baseline -0.002 -12"><span class='ocrx_word' id='word_1_342' title='bbox 253 3725 350 3778; x_wconf 79' lang='lat' dir='ltr'>lebant.</span> <span class='ocrx_word' id='word_1_343' title='bbox 385 3724 463 3778; x_wconf 86' lang='lat' dir='ltr'>Unde</span> <span class='ocrx_word' id='word_1_344' title='bbox 477 3723 537 3790; x_wconf 85' lang='lat' dir='ltr'>ille,</span> <span class='ocrx_word' id='word_1_345' title='bbox 555 3725 704 3776; x_wconf 77' lang='lat' dir='ltr'>veritusne</span> <span class='ocrx_word' id='word_1_346' title='bbox 723 3721 762 3774; x_wconf 84' lang='lat' dir='ltr'><strong><em>aio</em></strong></span> <span class='ocrx_word' id='word_1_347' title='bbox 775 3721 860 3790; x_wconf 81' lang='lat' dir='ltr'>palum</span> <span class='ocrx_word' id='word_1_348' title='bbox 880 3720 1089 3790; x_wconf 82' lang='lat' dir='ltr'>dianerperetnr,</span> <span class='ocrx_word' id='word_1_349' title='bbox 1106 3719 1241 3774; x_wconf 79' lang='lat' dir='ltr'>celerrime</span> <span class='ocrx_word' id='word_1_350' title='bbox 1254 3739 1284 3774; x_wconf 88' lang='lat' dir='ltr'><strong><em>ae</em></strong></span> <span class='ocrx_word' id='word_1_351' title='bbox 1298 3723 1361 3776; x_wconf 87' lang='lat' dir='ltr'>aub-</span> 
     </span>
     <span class='ocr_line' id='line_1_38' title="bbox 153 3789 1362 3861; baseline -0.002 -14"><span class='ocrx_word' id='word_1_352' title='bbox 153 3830 155 3836; x_wconf 86' lang='lat'><em>.</em></span> <span class='ocrx_word' id='word_1_353' title='bbox 253 3794 330 3847; x_wconf 79' lang='lat' dir='ltr'>duxit</span> <span class='ocrx_word' id='word_1_354' title='bbox 340 3799 368 3848; x_wconf 89' lang='lat' dir='ltr'><strong><em>at</em></strong></span> <span class='ocrx_word' id='word_1_355' title='bbox 382 3793 504 3847; x_wconf 81' lang='lat' dir='ltr'>occuluit</span> <span class='ocrx_word' id='word_1_356' title='bbox 540 3794 723 3854; x_wconf 70' lang='lat' dir='ltr'>Caeterum,</span> <span class='ocrx_word' id='word_1_357' title='bbox 741 3807 807 3860; x_wconf 89' lang='lat' dir='ltr'>quoa</span> <span class='ocrx_word' id='word_1_358' title='bbox 819 3791 853 3843; x_wconf 90' lang='lat' dir='ltr'><strong><em>da</em></strong></span> <span class='ocrx_word' id='word_1_359' title='bbox 869 3791 927 3843; x_wconf 85' lang='lat' dir='ltr'>eiua</span> <span class='ocrx_word' id='word_1_360' title='bbox 940 3789 1063 3843; x_wconf 86' lang='lat' dir='ltr'>aodalitio</span> <span class='ocrx_word' id='word_1_361' title='bbox 1081 3807 1142 3844; x_wconf 81' lang='lat' dir='ltr'>aaao</span> <span class='ocrx_word' id='word_1_362' title='bbox 1155 3790 1287 3854; x_wconf 74' lang='grc' dir='ltr'><strong><em>αοαιτὶῑίτ,</em></strong></span> <span class='ocrx_word' id='word_1_363' title='bbox 1303 3792 1362 3861; x_wconf 82' lang='lat' dir='ltr'>pla-</span> 
     </span>
     <span class='ocr_line' id='line_1_39' title="bbox 250 3859 1360 3934; baseline -0.002 -18"><span class='ocrx_word' id='word_1_364' title='bbox 250 3879 342 3934; x_wconf 81' lang='lat' dir='ltr'>garum</span> <span class='ocrx_word' id='word_1_365' title='bbox 355 3881 450 3933; x_wconf 74' lang='lat' dir='ltr'>expers</span> <span class='ocrx_word' id='word_1_366' title='bbox 465 3863 550 3916; x_wconf 87' lang='lat' dir='ltr'>nullua</span> <span class='ocrx_word' id='word_1_367' title='bbox 562 3863 670 3932; x_wconf 83' lang='lat' dir='ltr'>effugit,</span> <span class='ocrx_word' id='word_1_368' title='bbox 689 3861 740 3912; x_wconf 86' lang='lat' dir='ltr'>niai</span> <span class='ocrx_word' id='word_1_369' title='bbox 753 3859 815 3928; x_wconf 88' lang='lat' dir='ltr'>qui,</span> <span class='ocrx_word' id='word_1_370' title='bbox 834 3875 945 3929; x_wconf 85' lang='lat' dir='ltr'>perrona</span> <span class='ocrx_word' id='word_1_371' title='bbox 957 3859 1010 3912; x_wconf 82' lang='lat' dir='ltr'>ulia</span> <span class='ocrx_word' id='word_1_372' title='bbox 1023 3875 1072 3929; x_wconf 83' lang='lat' dir='ltr'>per</span> <span class='ocrx_word' id='word_1_373' title='bbox 1084 3859 1272 3914; x_wconf 75' lang='lat' dir='ltr'>simulationem</span> <span class='ocrx_word' id='word_1_374' title='bbox 1284 3859 1360 3914; x_wconf 87' lang='lat' dir='ltr'>indu·</span> 
     </span>
     <span class='ocr_line' id='line_1_40' title="bbox 250 3928 1360 4004; baseline -0.001 -18"><span class='ocrx_word' id='word_1_375' title='bbox 250 3945 296 3996; x_wconf 89' lang='lat' dir='ltr'><strong><em>ta,</em></strong></span> <span class='ocrx_word' id='word_1_376' title='bbox 313 3934 444 3987; x_wconf 86' lang='lat' dir='ltr'>Palamam</span> <span class='ocrx_word' id='word_1_377' title='bbox 464 3934 522 4003; x_wconf 75' lang='lat' dir='ltr'>ipae</span> <span class='ocrx_word' id='word_1_378' title='bbox 540 3942 648 4004; x_wconf 75' lang='lat' dir='ltr'>qnoque*</span> <span class='ocrx_word' id='word_1_379' title='bbox 665 3931 774 3984; x_wconf 83' lang='lat' dir='ltr'>aliorum</span> <span class='ocrx_word' id='word_1_380' title='bbox 793 3929 909 3999; x_wconf 77' lang='lat' dir='ltr'>exemplo</span> <span class='ocrx_word' id='word_1_381' title='bbox 927 3928 1078 3982; x_wconf 72' lang='lat' dir='ltr'>deroderet</span> <span class='ocrx_word' id='word_1_382' title='bbox 1095 3935 1124 3981; x_wconf 85' lang='lat' dir='ltr'>et</span> <span class='ocrx_word' id='word_1_383' title='bbox 1145 3932 1281 3982; x_wconf 83' lang='lat' dir='ltr'>anathema</span> <span class='ocrx_word' id='word_1_384' title='bbox 1302 3947 1360 3986; x_wconf 81' lang='lat' dir='ltr'>earo</span> 
     </span>
     <span class='ocr_line' id='line_1_41' title="bbox 250 3997 1360 4072; baseline -0.005 -16"><span class='ocrx_word' id='word_1_385' title='bbox 250 4004 379 4056; x_wconf 78' lang='lat' dir='ltr'>irnaiaaet.</span> <span class='ocrx_word' id='word_1_386' title='bbox 414 4005 525 4066; x_wconf 77' lang='lat' dir='ltr'>Atace,</span> <span class='ocrx_word' id='word_1_387' title='bbox 541 4002 673 4072; x_wconf 72' lang='lat' dir='ltr'>qoipone</span> <span class='ocrx_word' id='word_1_388' title='bbox 684 3997 869 4069; x_wconf 85' lang='lat' dir='ltr'>acquebamnr,</span> <span class='ocrx_word' id='word_1_389' title='bbox 885 4007 1009 4068; x_wconf 71' lang='lat' dir='ltr'>unquam</span> <span class='ocrx_word' id='word_1_390' title='bbox 1023 3999 1105 4068; x_wconf 82' lang='lat' dir='ltr'>patrii</span> <span class='ocrx_word' id='word_1_391' title='bbox 1121 3998 1249 4068; x_wconf 73' lang='lat' dir='ltr'>dogmatis</span> <span class='ocrx_word' id='word_1_392' title='bbox 1268 3998 1360 4051; x_wconf 73' lang='lat' dir='ltr'>Fidei-</span> 
     </span>
     <span class='ocr_line' id='line_1_42' title="bbox 250 4067 1359 4144; baseline -0.003 -20"><span class='ocrx_word' id='word_1_393' title='bbox 250 4091 302 4140; x_wconf 69' lang='grc' dir='ltr'><strong><em>«μιν,</em></strong></span> <span class='ocrx_word' id='word_1_394' title='bbox 317 4072 428 4126; x_wconf 85' lang='lat' dir='ltr'>athletae</span> <span class='ocrx_word' id='word_1_395' title='bbox 448 4089 480 4126; x_wconf 87' lang='lat' dir='ltr'><strong><em>ac</em></strong></span> <span class='ocrx_word' id='word_1_396' title='bbox 500 4079 726 4144; x_wconf 74' lang='lat' dir='ltr'>propugnatores,</span> <span class='ocrx_word' id='word_1_397' title='bbox 745 4077 825 4137; x_wconf 81' lang='lat' dir='ltr'>atque</span> <span class='ocrx_word' id='word_1_398' title='bbox 840 4074 872 4120; x_wconf 93' lang='lat' dir='ltr'><strong><em>nt</em></strong></span> <span class='ocrx_word' id='word_1_399' title='bbox 887 4069 967 4120; x_wconf 81' lang='lat' dir='ltr'>vitam</span> <span class='ocrx_word' id='word_1_400' title='bbox 983 4083 1031 4136; x_wconf 81' lang='lat' dir='ltr'>pru</span> <span class='ocrx_word' id='word_1_401' title='bbox 1047 4069 1154 4137; x_wconf 86' lang='lat' dir='ltr'>antiqua</span> <span class='ocrx_word' id='word_1_402' title='bbox 1169 4068 1295 4121; x_wconf 67' lang='lat' dir='ltr'>aeonae</span> <span class='ocrx_word' id='word_1_403' title='bbox 1307 4067 1359 4121; x_wconf 86' lang='lat' dir='ltr'><strong><em>Dei</em></strong></span> 
     </span>
     <span class='ocr_line' id='line_1_43' title="bbox 248 4137 1359 4212; baseline -0.002 -19"><span class='ocrx_word' id='word_1_404' title='bbox 248 4142 370 4196; x_wconf 80' lang='lat' dir='ltr'>doctrina</span> <span class='ocrx_word' id='word_1_405' title='bbox 389 4141 523 4196; x_wconf 81' lang='lat' dir='ltr'>effundere</span> <span class='ocrx_word' id='word_1_406' title='bbox 545 4141 736 4212; x_wconf 74' lang='lat' dir='ltr'>paratissimos,</span> <span class='ocrx_word' id='word_1_407' title='bbox 760 4137 880 4190; x_wconf 69' lang='lat' dir='ltr'>laudibus</span> <span class='ocrx_word' id='word_1_408' title='bbox 899 4137 1130 4190; x_wconf 83' lang='lat' dir='ltr'>remunerabantur</span> <span class='ocrx_word' id='word_1_409' title='bbox 1149 4145 1177 4190; x_wconf 84' lang='lat' dir='ltr'><strong><em>at</em></strong></span> <span class='ocrx_word' id='word_1_410' title='bbox 1191 4140 1359 4191; x_wconf 83' lang='lat' dir='ltr'>coronabant.</span> 
     </span>
     <span class='ocr_line' id='line_1_44' title="bbox 249 4207 1359 4280; baseline -0.007 -15"><span class='ocrx_word' id='word_1_411' title='bbox 249 4213 317 4280; x_wconf 80' lang='lat' dir='ltr'>(ll.)</span> <span class='ocrx_word' id='word_1_412' title='bbox 334 4211 373 4264; x_wconf 86' lang='lat' dir='ltr'><strong><em>lta</em></strong></span> <span class='ocrx_word' id='word_1_413' title='bbox 388 4211 464 4278; x_wconf 84' lang='lat' dir='ltr'>primi</span> <span class='ocrx_word' id='word_1_414' title='bbox 477 4212 544 4264; x_wconf 89' lang='lat' dir='ltr'>illiua</span> <span class='ocrx_word' id='word_1_415' title='bbox 560 4211 615 4264; x_wconf 85' lang='lat' dir='ltr'>diei</span> <span class='ocrx_word' id='word_1_416' title='bbox 636 4225 738 4262; x_wconf 80' lang='lat' dir='ltr'>curnam</span> <span class='ocrx_word' id='word_1_417' title='bbox 758 4223 908 4276; x_wconf 81' lang='lat' dir='ltr'>proapernm</span> <span class='ocrx_word' id='word_1_418' title='bbox 920 4214 949 4258; x_wconf 84' lang='lat' dir='ltr'>et</span> <span class='ocrx_word' id='word_1_419' title='bbox 960 4207 1116 4259; x_wconf 81' lang='lat' dir='ltr'>inoffenaum</span> <span class='ocrx_word' id='word_1_420' title='bbox 1180 4207 1293 4274; x_wconf 78' lang='lat' dir='ltr'>agimur,</span> <span class='ocrx_word' id='word_1_421' title='bbox 1311 4223 1359 4258; x_wconf 88' lang='lat' dir='ltr'><strong><em>no·</em></strong></span> 
     </span>
     <span class='ocr_line' id='line_1_45' title="bbox 248 4276 1360 4346; baseline -0.007 -8"><span class='ocrx_word' id='word_1_422' title='bbox 248 4291 329 4338; x_wconf 83' lang='lat' dir='ltr'>atram</span> <span class='ocrx_word' id='word_1_423' title='bbox 343 4281 370 4336; x_wconf 86' lang='lat' dir='ltr'><strong><em>&#39;m</em></strong></span> <span class='ocrx_word' id='word_1_424' title='bbox 385 4280 419 4336; x_wconf 87' lang='lat' dir='ltr'><strong><em>iia</em></strong></span> <span class='ocrx_word' id='word_1_425' title='bbox 429 4281 613 4338; x_wconf 82' lang='lat' dir='ltr'>certaminibua</span> <span class='ocrx_word' id='word_1_426' title='bbox 627 4277 713 4338; x_wconf 82' lang='lat' dir='ltr'>navim</span> <span class='ocrx_word' id='word_1_427' title='bbox 728 4276 780 4330; x_wconf 84' lang='lat' dir='ltr'><strong><em>Dei</em></strong></span> <span class='ocrx_word' id='word_1_428' title='bbox 796 4291 872 4331; x_wconf 83' lang='lat' dir='ltr'>mauu</span> <span class='ocrx_word' id='word_1_429' title='bbox 885 4276 1064 4346; x_wconf 73' lang='lat' dir='ltr'>gnbemrnte,</span> <span class='ocrx_word' id='word_1_430' title='bbox 1078 4281 1108 4331; x_wconf 87' lang='lat' dir='ltr'>et</span> <span class='ocrx_word' id='word_1_431' title='bbox 1143 4283 1220 4330; x_wconf 80' lang='lat' dir='ltr'>uotm</span> <span class='ocrx_word' id='word_1_432' title='bbox 1231 4291 1360 4346; x_wconf 83' lang='lat' dir='ltr'>quoacun-</span> 
     </span>
    </p>
   </div>
   <div class='ocr_carea' id='block_1_4' title="bbox 0 0 1538 4792">
    <p class='ocr_par' dir='ltr' id='par_1_4' title="bbox 0 0 1538 4792">
     <span class='ocr_line' id='line_1_46' title="bbox 0 0 1538 4792; baseline 0 0"><span class='ocrx_word' id='word_1_433' title='bbox 0 0 1538 4792; x_wconf 95' lang='lat' dir='ltr'><strong><em> </em></strong></span> 
     </span>
    </p>
   </div>
  </div>
 </body>
</html>
