3067 4792
221 356 225 364 .
256 289 334 372 598
567 299 806 374 NIGEPHORI
824 301 1068 374 GBEGORAE

93 473 323 562 λλιδδόοπάς
342 462 481 552 ἀλλαχοά
502 467 678 554 παρέδειξεν
698 461 786 538 atde.
819 469 872 534 καὶ
903 473 1000 536 τοῧτο
1020 462 1192 556 προϊόντων
1217 465 1308 555 ἡμῶν
1333 470 1370 536 αἱ

127 549 179 600 ¹⁰¹¹·
194 552 226 603 ²⁰
260 571 341 639 κατά
359 569 418 655 τὴν
436 565 656 658 ἁρμόττουσαν
669 568 778 658 χώραν
796 567 983 658 ἀφηγήσεις,
1009 578 1068 657 τῆς
1082 571 1234 658 ἀληθείας
1246 573 1303 638 οὔκ
1317 574 1369 638 έκ-

256 681 436 761 χωροῦσαι,
462 679 649 761 σαφηνιοῦσι
665 685 731 750 τοῖς
746 680 841 740 πᾶσιν
855 675 887 751 tr
901 673 1053 763 τάκριβές.
1080 682 1137 750 νῦν
1157 678 1192 743 δέ
1210 673 1309 759 μόνον
1330 676 1368 742 τδ

228 785 300 866 οτῇ
315 774 460 864 παροόση
470 780 559 868 χρείρι
579 780 649 864 περὶ
665 777 763 844 αὐτοῦ
776 785 934 863 προσῆκον
957 776 1093 856 εἰπόντες
1109 776 1366 860 ἀπαλλαξόμεθα.

261 879 334 972 (Δ.)
364 887 431 946 Τοῦ
450 881 510 968 γάρ
534 881 687 963 βασιλέως
704 879 944 965 τελευτήσαντος
963 881 1025 969 ἤδη
1033 931 1045 963 ,
1071 884 1123 948 καί
1139 880 1247 969 φήμης
1259 885 1395 948 διαδο-6

260 987 389 1069 δείσης,
417 980 461 1060 ὥς
482 986 639 1074 βασκανίᾳ
660 984 906 1072 τυραννηθέντες
927 991 991 1050 τῶν
1011 992 1069 1070 τῆς
1079 991 1245 1070 βασιλικῆς
1259 1010 1369 1070 γερου-

261 1089 333 1164 σίας
355 1087 428 1153 ένιοι
452 1085 510 1172 τὴν
529 1093 584 1154 τοῦ
603 1091 864 1172 Καντακσυζηνσῦ
885 1094 1028 1154 καθελεῖν
1042 1090 1241 1176 ἐπεχείρησαν
1257 1086 1365 1169 δόξαν,

261 1195 454 1277 σατραπικοῢ
464 1214 549 1267 τινος
565 1181 657 1267 οὗτος
673 1187 801 1278 ἐγεγόνει
816 1189 938 1279 πλήρης
951 1197 1060 1276 θυμοῦ
1075 1196 1128 1257 καὶ
1139 1194 1248 1276 βιαίας
1263 1190 1368 1278 ἀργῆς·

261 1297 313 1360 καὶ
330 1293 397 1379 ἅμα
410 1291 604 1377 παμπόλλων
617 1292 777 1379 έμπλήσας
793 1302 871 1361 νεῶν
892 1295 930 1362 τδ
952 1301 1016 1361 τῶν
1030 1297 1217 1384 Σμυρναίων
1239 1297 1370 1360 ἐπίνειον

232 1396 369 1482 Βέμελλε
381 1395 439 1482 τὴν
459 1399 627 1482 ταχίστην,
656 1394 698 1474 τός
712 1396 830 1485 έφαμεν
838 1444 850 1479 ,
878 1399 1046 1480 διαβαίνειν
1059 1400 1108 1463 lui
1121 1405 1206 1488 κακῷ
1220 1403 1285 1464 τῶν
1297 1395 1369 1483 ἀχρι
1378 1407 1414 1462 10

261 1502 435 1580 Βυζαντίου
451 1503 615 1592 Θρᾳκικῶν
621 1507 736 1587 χωρῶν
751 1504 803 1568 καὶ
815 1498 945 1568 πόλεσιν.
971 1508 1074 1568 ταῦτα
1087 1501 1190 1586 έπειδὴ
1205 1503 1273 1587 περλ
1282 1503 1370 1588 Χεῤ·

261 1600 395 1692 ῥόνησον
415 1587 579 1688 ἀκηκοέναι
608 1601 828 1670 συνεπεπτώκει
846 1607 1117 1694 Καντακουζηνῷ,
1150 1604 1204 1671 διὰ
1231 1606 1371 1687 σπουδῆς

262 1697 525 1795 ὶγεγόνείμακράς
540 1707 715 1789 πέμψαντι,
742 1708 798 1773 τδν
816 1714 959 1774 τοιοῦτον
970 1708 1028 1791 τὴν
1048 1709 1199 1792 ταχίστην
1209 1705 1370 1789 ἀναχαιτί-

261 1833 315 1878 σαι
338 1807 459 1877 στόλον.
487 1809 504 1876 ὃ
529 1809 568 1893 δὴ
589 1812 641 1874 καὶ
660 1815 783 1875 θᾶττον
804 1807 825 1892 ἢ
847 1807 938 1896 λόγος
958 1813 1051 1876 εἰπεῖν
1074 1808 1200 1896 ἐγεγόνει
1207 1857 1218 1889 ,
1254 1803 1368 1900 ῥᾷσνῆ

260 1913 342 1982 κατδ
371 1917 484 1978 δοῦλον
513 1908 663 1978 δεσπότου
698 1909 892 1993 κελεόοντος,
931 1923 999 1988 τοῖς
1023 1920 1080 1979 τοῦ
1106 1915 1367 1994 Καντακουζηνοῦ
1378 1918 1412 1972 15

257 2015 437 2104 γράμμασιν
451 2011 631 2093 ἀπείξαντος
652 2017 704 2080 καὶ
724 2011 912 2091 ἀπενδόντος
924 2022 981 2082 τοῦ
993 2022 1190 2103 βαρβαρικοῦ
1204 2013 1369 2102 φρονήμα-

230 2125 317 2197 Erec
329 2121 454 2185 έκείνου.
473 2125 567 2184 τοῦτο
591 2118 669 2202 μέγα
686 2119 744 2201 μὲν
752 2167 763 2199 ,
799 2120 851 2182 καὶ
871 2115 995 2204 μακρόν
1010 2143 1081 2184 τινα
1095 2117 1162 2203 ἥκει
1176 2120 1300 2200 κομίζον
1315 2115 1371 2200 τὴν

199 2208 211 2233 ⁸
257 2221 401 2306 ἔκπληξιν
418 2231 487 2297 ταΐς
502 2228 563 2287 τῶν
577 2217 754 2286 ἀκουόντων
773 2231 901 2304 ψυχαῖς.
929 2221 963 2286 εί
972 2246 1020 2297 τις
1032 2221 1070 2286 δ’
1088 2221 1165 2288 αὐτὸ
1181 2231 1248 2296 τοῖς
1260 2223 1372 2308 ἐφεξῆς

259 2331 315 2394 τοῦ
340 2323 454 2410 ἀνδρὸς
477 2320 554 2410 ἀπδρ
579 2329 634 2389 τοῦ
653 2326 914 2406 Καντακουζηνοῦ
933 2325 1156 2410 πεπραγμένοις
1170 2323 1249 2408 πρὸς
1263 2325 1370 2410 φιλίαν

259 2430 400 2514 δείγμασι
413 2423 622 2514 παρεξετάζειν,
636 2427 733 2493 έθίλει
741 2477 752 2509 ,
780 2423 1046 2512 πολλοστημόριον
1061 2425 1101 2492 ἀν
1116 2427 1153 2492 πδ
1169 2423 1412 2512 βραχύτατονῖο

257 2529 336 2598 είναι
356 2533 523 2616 λογίσαιτο.
578 2529 644 2619 (Ε.)
668 2529 745 2616 Ἐγὼ
773 2530 808 2595 δέ
828 2532 879 2596 καὶ
899 2529 979 2616 πρδς
1000 2530 1036 2596 τὸ
1058 2527 1155 2596 πόλαι
1175 2537 1234 2615 τῆς
1249 2526 1370 2613 Ῥιόμης

259 2631 374 2724 κρότος
391 2635 484 2700 ἐκεῖνο
501 2633 556 2700 τδν
577 2639 651 2699 νοῦν
667 2631 817 2720 ἀνήνεγκα
826 2681 837 2713 ,
864 2635 916 2698 καὶ
930 2629 1142 2718 ἀνεμνήσθην,
1170 2631 1255 2709 ὅπως
1268 2629 1370 2720 πρόσ-

235 2744 367 2824 Ρταγμα
388 2735 421 2802 ’έν
449 2733 519 2804 τότε
538 2734 727 2820 Ῥωμαΐιιδν,
765 2741 872 2822 πᾶσαν
895 2734 1153 2822 έπιπορευόμενσν
1175 2741 1234 2821 γῆν
1261 2761 1295 2801 τε
1317 2737 1371 2800 καί

260 2839 445 2922 θάλατταν,
472 2841 677 2926 κατέπληττεν
699 2839 859 2921 ἅπαντας,
886 2842 939 2906 καί
960 2846 1005 2932 τῷ
1021 2840 1081 2906 δία
1091 2844 1205 2928 μικροῦ
1222 2841 1275 2904 καὶ
1289 2837 1370 2904 ἀπο-

333 2973 376 3028 19.
401 2965 473 3038 πρὸς
489 2969 584 3040 φιλίας
599 2969 699 3040 δεῖγμα
715 2969 782 3024 ceni.
798 2969 875 3025 Beir.

262 3074 312 3140 vit,
329 3073 430 3145 qualem
443 3090 492 3126 nee
508 3079 563 3128 teta
578 3077 648 3128 retro
662 3073 805 3143 antiquitae
819 3071 882 3126 alibi
897 3072 942 3140 (ut
953 3071 1062 3143 opinor)
1077 3069 1202 3126 ostendit
1230 3068 1309 3134 Quod
1322 3085 1371 3124 aee

262 3144 366 3216 quidem
379 3144 450 3196 inire
468 3161 515 3196 auo
533 3145 590 3196 loco
607 3151 727 3196 accurate
745 3141 859 3195 ennibua
874 3142 1076 3205 declarabimus,
1093 3141 1131 3194 ita
1149 3158 1167 3210 q
1233 3158 1267 3192 ue
1279 3157 1372 3194 nem-

262 3212 334 3277 turi,
357 3219 387 3265 ut
405 3229 535 3282 nunquam
552 3229 570 3266 a
582 3229 645 3265 rere
666 3211 793 3264 deflexuri
811 3211 898 3264 riatur.
933 3211 1014 3264 Nunc
1028 3217 1127 3274 aum,
1143 3211 1190 3263 ubi
1206 3211 1217 3261 i
1250 3209 1319 3278 qued
1335 3208 1371 3263 ad

221 3326 225 3334 .
262 3299 387 3354 praeaena
397 3281 545 3335 institutum
558 3281 671 3351 pertinet
683 3279 717 3333 de
730 3297 761 3332 eo
773 3278 922 3342 dixerimus,
934 3281 967 3333 ed
980 3281 1033 3333 alia
1043 3281 1184 3333 venienda.
1208 3279 1285 3348 (IV.)
1297 3279 1372 3332 Mer-

262 3360 309 3407 tue
329 3351 380 3404 iem
400 3350 571 3420 imperatore,
603 3351 722 3419 famaque
746 3349 887 3418 diepam,
916 3349 1047 3403 eruciatea
1072 3347 1173 3403 invidia
1190 3347 1314 3418 quoadara
1336 3363 1371 3400 ex

262 3418 384 3492 palatinis
403 3419 564 3474 aenatoribus
578 3417 756 3472 Canticuzeni
775 3419 957 3472 auctoritatam
969 3417 1059 3472 eonati
1072 3425 1208 3481 evertere,
1224 3417 1314 3469 furere
1325 3414 1371 3468 ille

263 3489 374 3560 quodam
397 3489 529 3558 eatrapice
547 3489 713 3558 violentaque
730 3487 773 3540 ira
792 3489 908 3557 percitae
929 3489 1031 3552 tuerat3
1060 3487 1200 3557 atatimque
1218 3485 1371 3553 impleverat

262 3559 379 3681 titt
391 3559 593 3696 ”tim
606 3553 1298 3696 lfflifflffidttfflffll
1310 3561 1371 3674 {ii

195 3736 199 3744 .
261 3665 458 3751 cmtecudenua
472 3695 543 3750 eirca
557 3697 743 3750 Chereoneanm
756 3713 819 3748 σανα
831 3695 992 3759 reaeiriaaet,
1007 3694 1075 3748 omni
1087 3691 1224 3762 diligentia
1234 3688 1320 3744 αἰνεῖν
1331 3691 1372 3743 le·

259 3767 332 3835 galia
347 3765 475 3835 providit,
492 3773 523 3818 ut
536 3766 626 3818 elaaeir
641 3765 711 3818 illiue
730 3764 842 3835 impetra
856 3781 933 3835 quau
945 3764 1077 3818 eelerrime
1091 3761 1261 3816 inhiberetur.
1291 3759 1370 3823 Quod

260 3834 366 3904 quidem
385 3834 456 3888 dieto
473 3831 551 3888 αἰτίαν
569 3835 713 3906 perfeetum
732 3841 783 3888 eet.
823 3833 937 3888 Fadliua
959 3835 1025 3886 enirn
1050 3848 1125 3902 quam
1149 3829 1249 3885 iubenti
1268 3828 1371 3881 demine

260 3919 368 3968 aervua,
387 3902 561 3956 Cantaeuaeni
580 3903 702 3973 precibus
720 3902 800 3956 eeaait
813 3919 845 3956 te
860 3903 947 3973 paruit
962 3903 1113 3956 barbariora
1128 3899 1173 3952 ille
1186 3899 1304 3968 apiritaa.
1340 3897 1372 3949 ld

260 3971 364 4043 quidem
377 3987 510 4042 maguum,
529 3981 557 4026 et
569 3972 726 4027 audientium
739 3971 831 4025 animia
844 3972 980 4043 plurimum
999 3978 1085 4024 meret
1099 3968 1283 4022 admirationis.
1316 3967 1372 4020 Ve-

261 4057 319 4095 rum
333 4041 360 4095 id
375 4041 398 4094 ai
414 4042 472 4111 quie
487 4041 552 4095 velit
563 4061 620 4096 eum
640 4042 699 4096 aliia
715 4041 836 4094 ceulam
850 4041 944 4094 ameria
960 4039 1207 4108 aigaifieatienibue‚
1224 4054 1289 4107 quaa
1302 4034 1372 4089 Cen-

260 4117 386 4164 taeuaeno
399 4110 466 4164 idem
481 4118 573 4182 peatea
586 4111 674 4176 dedit,
690 4110 819 4164 minimum
831 4119 905 4164 certe
918 4127 950 4162 ae
962 4109 1116 4163 leviaeimum
1130 4125 1189 4162 eeee
1205 4104 1370 4159 iudieebitur.

261 4179 325 4249 (V.)
342 4180 401 4249 Ege
413 4197 477 4234 vero
496 4181 564 4234 inter
582 4183 647 4234 haee
661 4179 695 4234 ad
707 4186 822 4233 veterem
839 4179 879 4233 rei
892 4181 1022 4232 Romanae
1038 4177 1181 4248 potentiam
1200 4175 1309 4228 animun
1327 4189 1372 4225 re·

261 4247 320 4312 tuli.
337 4266 368 4303 aa
384 4257 501 4320 tempora
514 4249 559 4304 illa
572 4267 627 4304 rum
641 4249 810 4314 recordatur,
828 4243 921 4319 qribue
934 4264 1011 4301 unam
1022 4247 1110 4317 pepuli
1124 4245 1233 4298 Romani
1248 4243 1371 4325 edietum,

262 4323 338 4373 terra
351 4319 456 4374 etmari
470 4319 627 4392 peragretia,
643 4319 765 4374 mortale·
778 4335 866 4373 οαιιιεν
883 4318 1050 4389 percellebat,
1068 4311 1372 4386 etpaereexanrmabat
