3067 4792
271 305 371 379 1180
685 313 1044 384 ANNOTA'I'IONES.

270 481 301 534 et
314 495 345 536 os
357 491 403 532 arc
417 471 653 553 pronuntiantur
667 481 703 532 ot
715 473 789 534 iota.
832 473 993 535 Praeterea
1012 473 1045 532 in
1063 491 1127 532 uno
1139 493 1232 534 versu
1248 469 1420 554 συνιζήσεις

270 557 408 618 adhibuit
422 558 515 634 duas,
537 552 655 632 πόλεως
673 554 835 641 Τράλλεως.
881 559 967 634 Quae
989 559 1088 618 omnia
1110 569 1242 638 arguunt
1259 561 1420 620 oraculum

269 643 355 704 istud
378 663 440 702 non
461 643 553 703 fnisse
576 641 770 722 Delphicum,
795 654 846 703 sut
866 645 1065 722 sibyllinum,
1088 644 1140 704 aod
1162 647 1284 704 omnino
1303 665 1419 704 recem.

271 729 305 788 ln
322 729 427 789 codice
443 727 668 805 Barberinisno,
691 749 752 806 quo
768 750 841 789 usus
857 739 902 788 est
919 729 1071 804 Possinus,
1094 730 1173 788 idem
1188 729 1347 789 oraculum
1363 749 1420 788 ex-

270 823 332 874 stat
349 815 442 896 panio
465 815 584 873 auctius
597 811 647 892 *),
669 814 756 893 eique
773 814 903 894 praefixa
918 813 994 874 haec
1014 814 1186 894 inscriptio,
1208 806 1298 886 οὗτος
1317 813 1419 892 izoe-

271 896 347 979 ομὸς
360 902 538 960 Παυσανίου
553 898 717 979 προέδρου,
741 897 814 960 Ηοο
832 913 873 959 eat
896 895 1058 959 oraculum
1075 895 1241 958 Pausaniae
1257 895 1419 958 Pmesidts.

269 983 333 1062 Ego
347 1003 420 1042 vero
434 984 523 1043 facile
540 983 717 1043 crediderim
732 985 917 1066 fabricatum¹
929 983 1006 1042 iliud
1023 983 1114 1043 luisse
1129 983 1167 1042 ab
1182 983 1284 1062 aliquo
1300 983 1420 1042 Andro-

270 1069 331 1129 nici
346 1069 458 1144 amico,
481 1069 586 1128 sireis
603 1068 782 1128 Theodorus
796 1067 957 1129 hletochita
974 1069 1074 1144 suerit,
1098 1068 1162 1127 sive
1177 1069 1263 1132 aliua.
1288 1067 1421 1127 Maxima

271 1162 353 1212 certa
374 1153 435 1212 illis
459 1153 645 1232 temporibus
673 1163 738 1214 erat
758 1155 939 1214 Graecarum
969 1153 1123 1212 Musarum
1157 1145 1297 1232 dpooos'o.
1342 1153 1420 1213 Vide

271 1237 403 1297 carmina
424 1237 577 1298 Theodori
596 1237 793 1312 Metochitas‚
816 1250 934 1299 etcum
954 1238 1020 1296 istis
1042 1237 1156 1299 confer.
1200 1238 1303 1306 Solus,
1327 1255 1420 1316 quem

271 1323 374 1398 sciam,
397 1343 431 1382 ea
445 1333 542 1382 aetate
556 1323 705 1382 Maximus
722 1324 872 1384 Planudes
885 1321 1056 1383 tolerabiles
1077 1323 1194 1402 aliquos
1211 1343 1316 1382 versus
1334 1323 1419 1388 sacit.

270 1407 330 1466 Sed
344 1408 382 1467 de
396 1408 598 1468 recentiorum
612 1410 794 1468 Graecorum
812 1409 897 1489 poesi
921 1409 1009 1468 etiam
1028 1408 1106 1466 inira
1126 1409 1209 1489 adp.
1234 1412 1304 1474 190.
1319 1407 1352 1470 C.
1366 1406 1419 1467 di-

271 1495 350 1552 cturi
366 1512 484 1569 sumus,
507 1493 559 1552 ubi
578 1493 617 1552 de
633 1493 787 1555 Theodori
803 1493 981 1554 hletocbitse
998 1493 1153 1574 poematis.
1196 1512 1312 1552 sorvis.

357 1598 429 1675 Pog-
454 1599 533 1668 143,
555 1599 606 1660 22.
656 1592 699 1657 Td
721 1592 849 1676 dipersi
872 1597 1038 1676 μουαχικοῦ
1059 1589 1208 1676 σχήματος
1230 1592 1314 1675 ἕτερα
1333 1589 1417 1673 siue]

270 1677 456 1739 Asteriscnm
471 1689 542 1759 post
561 1680 646 1760 ἕτερα
661 1689 842 1760 apposuerat
854 1680 1012 1760 interpre's,
1033 1699 1090 1738 nec
1106 1679 1188 1758 quod
1202 1681 1301 1737 statim
1321 1678 1418 1758 seqni-

269 1772 322 1823 tnr
345 1764 452 1824 vertite
476 1774 506 1824 et
526 1773 609 1824 certa
630 1774 700 1844 post
720 1766 804 1846 ἕτερα
830 1766 990 1844 legendnm
1008 1759 1082 1840 doio,
1104 1773 1150 1824 tot
1172 1765 1250 1822 enim
1271 1783 1364 1822 nnnos
1385 1763 1418 1822 in

268 1846 377 1907 habitu
402 1847 581 1909 monachico
609 1851 709 1929 exegit
732 1851 943 1924 Andronicus,
973 1849 1135 1910 rescribit
1159 1848 1237 1907 idern
1268 1849 1416 1924 Gregoraa

267 1933 324 1994 lib.
342 1933 398 1992 [X.
417 1953 483 2012 cap.
506 1935 562 1994 ult.
591 1952 645 1993 seu
670 1945 705 1994 nt
726 1945 772 1996 est
794 1937 826 1994 in
852 1945 923 1995 nota
944 1934 1101 2012 marginali
1123 1933 1164 1993 ad
1187 1953 1255 2012 cap.
1276 1933 1416 1995 xxvut.

267 2017 829 2100 Βο.11.ουηιιοιιιεηί,ἐυμοναχον
853 2016 980 2102 σχήματι
1003 2015 1155 2100 deoyoyoiv
1179 2015 1338 2092 ἒνιαυτοΰς
1361 2013 1416 2079 dv'o

267 2094 345 2181 παρ’
362 2094 475 2183 ὀλίγον.
518 2104 604 2161 Tunc
625 2104 723 2163 addit:
741 2103 806 2186 ἤως
824 2129 841 2166 τ
861 2105 890 2178 lc
903 2103 977 2168 imai
991 2101 1097 2167 κύκλοι
1114 2102 1302 2180 οεληυιακοὶ,
1325 2098 1345 2164 ii
1364 2100 1417 2164 sai

268 2183 401 2266 βέλτιον,
424 2182 481 2249 dv'o
497 2185 622 2268 ἔγγιστα,
645 2190 677 2248 id
696 2199 749 2263 eat,
768 2186 817 2249 vel
838 2129 890 2272 dex
909 2211 968 2270 quo
988 2186 1168 2248 monachum
1183 2187 1299 2263 induit,
1320 2187 1416 2246 inter-

268 2265 354 2352 sunt)
371 2284 415 2329 ter
430 2285 536 2352 septem
554 2270 661 2334 circuli
676 2271 795 2334 lunares
823 2269 891 2358 (seu
911 2293 1026 2337 menses
1046 2274 1131 2336 XXI.
1151 2296 1201 2333 seu
1220 2273 1323 2355 potine
1344 2273 1416 2332 onai

264 2355 430 2438 propoli).
472 2377 602 2418 nucero.

355 2459 428 2538 Peg·
454 2463 529 2534 144,
550 2463 580 2524 2
625 2461 755 2538 Hodites
768 2459 820 2522 καὶ
835 2458 966 2525 εἰκοστὸν
978 2456 1103 2541 ἤμειβεν
1118 2456 1201 2538 ἔτος]
1223 2456 1414 2516 VertitWol·

266 2537 343 2627 βου,
364 2537 474 2602 onnam
490 2545 597 2602 assuete
618 2559 716 2624 ageret
733 2547 863 2627 primum
884 2559 912 2605 et
930 2547 1109 2626 vigesimum.
1141 2543 1326 2602 Vertendum
1345 2543 1412 2618 fuit,

267 2646 378 2684 annum
392 2639 448 2685 oet.
465 2624 628 2701 excederet,
643 2638 700 2688 etc.
715 2632 892 2710 praesertim
912 2631 937 2690 si
951 2631 1069 2708 legatur
1089 2624 1299 2712 παρήμειβεν,
1322 2636 1356 2686 ut
1370 2627 1414 2686 le·

265 2709 346 2787 gitur
360 2711 391 2769 in
407 2708 517 2771 Codice
527 2713 630 2790 Regio.
672 2735 790 2778 norum.

351 2791 430 2858 Ibid.
441 2797 473 2856 in
490 2807 571 2855 nota.
584 2794 668 2872 Ἤως
681 2799 746 2882 τρὶς
762 2795 837 2862 §md
851 2795 958 2864 ninias
973 2797 1162 2878 οεληυιαυοὶ]
1187 2797 1293 2856 Graeci
1308 2816 1413 2856 recen·
1513 2873 1514 2876 Ἴ

266 2877 359 2938 tiores
382 2879 487 2941 dicuin
508 2877 573 2963 ἤως
592 2902 651 2963 pro
673 2880 713 2966 ἢ,
741 2887 792 2946 vel
812 2881 889 2966 ἤτοι.
924 2886 1001 2947 Vide
1025 2885 1158 2944 Glossar.
1181 2882 1258 2943 med.
1282 2882 1412 2944 Graecit

265 2982 382 3024 norum.

265 3218 344 3280 forte
361 3219 460 3282 Attalo
477 3223 537 3282 isto
551 3221 690 3288 Troiano.
731 3247 864 3286 ncesse.

352 3309 424 3386 Peg.
449 3308 527 3387 145,
548 3313 601 3372 21.
614 3304 723 3373 Ὠἃιυε
734 3308 789 3392 μὲν
802 3307 858 3394 ydp
875 3305 894 3374 d
910 3303 1084 3392 Κάρουλος]
1108 3305 1282 3387 Pachymer.
1297 3304 1410 3367 lib.VI.

265 3409 331 3470 cap.
345 3391 474 3455 XXXII.
503 3411 634 3454 occano.

350 3473 425 3556 Pog-
449 3478 525 3553 146,
548 3484 578 3545 6.
617 3474 843 3560 Ῥωοουούληυ]
867 3479 928 3556 Qui
941 3477 1085 3560 Pachym.
1098 3477 1150 3537 lib.
1160 3475 1210 3538 Vl.
1221 3495 1287 3553 cap.
1298 3475 1410 3536 XXXI.

262 3556 331 3632 ‘Poe
354 3565 496 3640 Σολυμᾶς
511 3565 701 3644 appellatur,
732 3585 821 3644 quem
844 3563 894 3625 hic
916 3567 1029 3646 pariter
1049 3563 1194 3646 depingit.
1240 3561 1316 3622 Vide
1335 3561 1410 3623 Hist
1506 3585 1507 3595 ¹

264 3641 538 3726 Franco-Byzant.
556 3649 612 3709 iib.
629 3649 678 3709 Vl.
696 3670 724 3707 n.
744 3651 798 3710 XL
821 3669 953 3712 cnosso.
997 3651 1166 3726 Ducangius
1183 3646 1259 3708 Hist.
1279 3647 1411 3706 Franco-

353 3054 427 3133 Pog.
450 3057 529 3126 144,
550 3057 583 3119 4.
619 3049 764 3129 ’Ἄτταλός
778 3079 823 3130 τις
841 3049 983 3136 εὐγενής]
1005 3053 1139 3126 Tralles,
1160 3052 1267 3111 urbem
1284 3050 1321 3112 ad
1334 3050 1413 3110 Mae-
1511 3081 1512 3093 ο

265 3132 410 3210 andrum,
433 3137 624 3214 Pelasgorum
640 3141 789 3200 coloniam
810 3141 902 3200 fuisse
924 3139 1032 3199 scribit
1050 3137 1189 3218 Agathisa
1211 3137 1264 3201 lib.
1280 3138 1317 3197 V.
1335 3138 1412 3196 duce
1510 3161 1511 3193 i

263 3725 393 3807 Byzant.
409 3730 461 3796 lib.
475 3732 528 3793 Vl.
545 3753 575 3795 n.
590 3735 644 3796 XI.
665 3755 732 3793 eum
753 3745 841 3794 vocat
862 3733 1005 3820 Solymeis
1029 3733 1066 3794 de
1086 3733 1188 3794 Rosci.
1225 3733 1288 3808 Ego
1314 3740 1410 3792 autem
1504 3777 1505 3797 .

263 3832 324 3873 non
339 3815 461 3895 dubito,
484 3818 558 3897 quin
575 3817 601 3877 ia
616 3818 709 3880 tuerit
727 3815 832 3903 Rufus
850 3817 885 3878 de
903 3819 1044 3897 Solioco,
1065 3819 1117 3878 ille
1131 3821 1196 3900 ipse
1213 3817 1339 3894 scilicet,
1362 3817 1410 3895 qui

262 3911 447 3961 memoratur
460 3903 492 3962 in
511 3903 710 3964 instrumento
727 3925 779 3964 seu
797 3905 965 3985 Diplomate
982 3906 1083 3982 Regio,
1107 3905 1190 3983 quod
1207 3923 1244 3962 ex
1258 3899 1408 3961 Thesauro

263 3981 443 4047 Chartarum
458 3998 636 4067 excerptum
659 4009 728 4049 cum
750 3990 816 4048 aliis
837 3991 911 4050 actis
927 3998 957 4050 et
976 3989 1181 4049 instrumentis
1197 3987 1329 4068 publicis
1347 3987 1409 4044 liu·

264 4071 384 4150 csngius
400 4073 503 4135 edidit.
535 4074 611 4135 Vide
626 4073 753 4135 Chartae
772 4075 923 4136 Historiae
940 4073 1267 4154 Franco-Byzantinus
1283 4069 1408 4129 subiun·
1499 4079 1500 4086 ’

264 4165 337 4234 ctas,
356 4178 425 4239 pag.
441 4165 492 4226 34.
519 4159 646 4237 Nomen,
667 4171 702 4221 ut
716 4159 853 4237 videtur,
879 4159 1031 4220 Gallicum
1044 4159 1103 4220 fnit
1115 4157 1270 4219 Rousseme
1285 4154 1321 4214 de
1335 4151 1407 4232 Soli,

295 4305 326 4375 ⁴¹)
340 4305 409 4363 Vide
426 4309 622 4366 damtione·
636 4309 742 4366 Poaaini
756 4310 956 4382 Paabymarian.
972 4315 1034 4365 ton.
1049 4309 1072 4363 1.
1089 4325 1153 4381 pag.
1170 4303 1231 4365 tte.
1266 4317 1368 4362 nomm.
