3067 4792
296 211 396 288 1064
599 221 838 294 NICEPHORI
857 221 1101 296 dandonem

128 384 528 472 Δ.Μ.6859ψυχὴνίκείνου
544 389 602 453 τού
615 381 771 472 σύμπτος.
804 385 916 477 οάγάρ
929 385 970 455 ἀν
983 383 1100 475 leniores
1118 384 1197 456 καθ’
1213 381 1326 466 ἕαυτδ,
1351 384 1403 470 μὴ

170 468 331 594 111ΜΒδν
355 486 619 556 somniaturos·
652 490 724 557 οδδ’
744 489 786 556 δν
811 485 1135 577 attentationis,
1166 490 1212 576 μὴ
1236 487 1272 556 δν
1294 486 1400 554 υύσία.

295 589 339 668 ὥς
360 592 419 678 γὰρ
442 599 547 658 πᾶσαν
569 592 678 660 ούσίαν
701 590 945 662 αύθυπδστατον
972 591 1050 661 εἶναι
1078 591 1231 680 δρίζονται
1254 597 1397 674 πρᾶγμα,

294 695 378 762 siro
392 695 433 779 δὴ
449 697 499 760 καί
514 692 598 760 ἅπαν
614 693 860 764 sidoniorum
877 703 1025 784 πρᾶγμα,
1048 696 1167 763 ούσίαν.
1199 696 1264 760 inei
1287 687 1344 759 ούν
1359 691 1398 760 τδ

293 795 374 874 είδος
398 799 551 864 ἐνταυθοῖ
566 806 623 865 τοῦ
642 796 750 884 ἡλίου,
778 799 836 865 εἴτ’
862 792 918 866 ούν
940 799 978 867 si
1004 805 1089 886 φῶς,
1117 795 1240 884 δάγιος
1262 798 1314 862 καλ
1331 795 1425 878 sepis

291 906 349 984 τῆς
364 898 441 985 ύλης
457 901 591 989 (δηλαδὴ
604 909 661 968 τοῦ
676 899 818 990 σκεύους)
834 905 986 970 δείκνυσιν
1000 902 1076 986 ἔχειν
1089 902 1210 988 ἴνεργυν
1225 898 1282 984 τὴν
1295 922 1401 985 φωτι-

294 1003 401 1086 στικὴν
414 999 586 1070 ἀπόστασιν
600 1007 650 1070 καί
664 1003 795 1088 ύπυρξιν
809 1007 946 1088 οἴκοθεν,
971 1008 1103 1090 μηδαμῆ
1121 1011 1178 1088 τῆς
1190 1001 1268 1086 ύλης
1280 996 1402 1083 ταύτης

247 1103 424 1190 fidentis,
450 1104 508 1189 τὴν
532 1105 565 1171 δ’
587 1105 666 1192 ύλην
685 1113 806 1190 μᾶλλον
824 1117 882 1176 τοῦ
896 1113 1085 1196 φωτιστικού
1101 1109 1269 1192 δεηθεῖσαν
1283 1103 1399 1181 dioec,

291 1311 427 1378 τιστικδν
444 1309 525 1388 εἶδος
546 1309 689 1397 ἡούσία,
717 1313 791 1398 liri
810 1311 938 1398 ἡλιακὸν
953 1320 1062 1390 σκεῦος
1078 1314 1191 1392 ίκεῖνο,
1220 1307 1238 1375 ἀ
1259 1307 1337 1391 ύλην
1352 1303 1447 1378 εί-Ιο

291 1416 346 1480 ναί
359 1439 474 1501 φησιν,
502 1411 568 1480 οἷον
590 1413 725 1484 ἀνείδεύν
743 1442 776 1484 τε
794 1421 847 1483 καλ
861 1413 1086 1484 ἀνυπόστατον.
1120 1412 1197 1480 είναι
1216 1414 1319 1478 τοίνυν
1342 1409 1399 1475 διά

290 1523 393 1585 ταῦτα
413 1518 525 1584 δεῖκαὶ
540 1519 576 1585 td
590 1525 679 1586 θεῖον
700 1519 810 1585 οάσίαν
824 1517 1067 1588 αδθυπύστατον
1091 1520 1143 1584 καλ
1162 1517 1290 1583 ἀνενδεᾶ
1316 1537 1402 1579 παν-

291 1615 419 1687 sinam.
447 1620 484 1688 τδ
503 1619 562 1707 γὰρ
575 1621 672 1689 diluo
697 1621 841 1706 δεόμενον
861 1622 992 1707 ὕστερον
1012 1619 1088 1689 εἶναι
1111 1621 1244 1705 πέφυκεν
1274 1607 1311 1681 ού
1333 1617 1402 1681 δεῖ·

293 1747 365 1803 τοι,
387 1721 513 1813 κάκείνῳ
533 1723 688 1791 δουλεύειν
703 1727 735 1803 ἐξ
749 1723 901 1811 ἀνάγκης,
925 1717 963 1793 ού
978 1726 1062 1791 ἔστιν
1075 1723 1182 1798 ίνδείς.
1213 1722 1265 1785 καὶ
1289 1714 1402 1802 δεήσε-

292 1849 347 1890 ται
368 1825 476 1892 λοιπδν
502 1827 642 1914 δοτίρου
668 1825 814 1914 θάτερον.
853 1837 894 1917 τῇ
915 1831 950 1894 δὲ
970 1829 1084 1912 κυρίως
1109 1825 1190 1912 ἀρχῇ
1210 1819 1335 1906 γνήσιον
1357 1820 1399 1887 τὸ
1410 1836 1444 1890 1⁵

263 1923 444 2006 ὓάνενδείς,
463 1930 514 1994 καί
529 1932 642 2014 κυρίως
656 1926 732 1996 εἶναι
746 1929 874 2017 ἀνάγκη,
892 1934 944 1998 καὶ
959 1928 1110 2019 πρότερον
1123 1933 1180 1995 rosi
1193 1927 1325 2000 ἐνδεοῦς.
1352 1925 1407 1988 δεῖ

290 2029 351 2117 γὰρ
366 2030 423 2114 τὴν
438 2029 537 2117 ἀρχὴν
556 2031 634 2097 αύτδ
651 2039 744 2099 τοῦτο
759 2032 837 2100 sirus
851 2032 949 2118 μόνον
955 2083 966 2114 ,
993 2033 1108 2119 ἀρχὴν,
1135 2033 1186 2096 καὶ
1202 2027 1248 2113 μὴ
1273 2031 1403 2092 δεῖσθαι

289 2130 431 2216 μηδενός.
461 2135 544 2217 oqui
557 2133 677 2220 γὰρκαὶ
694 2131 711 2200 δ
727 2143 816 2212 θεῖος
826 2133 983 2219 Μάξιμος·
1003 2133 1108 2220 ,μόνη
1117 2131 1201 2218 ἀπλῆ
1214 2134 1401 2212 καὶμονοει-

292 2235 350 2318 δὴς
369 2238 420 2301 καὶ
444 2234 586 2320 ἀνενδεὴς
609 2239 660 2302 καὶ
684 2235 875 2322 ἀτρεπτοςῆ
897 2239 1098 2324 δημιουργικὴ
1123 2244 1185 2304 τῶν
1202 2233 1284 2301 δλιυν
1305 2231 1401 2300 odola

289 2344 349 2421 τῆς
367 2335 458 2422 tylo,
475 2336 621 2423 Τριάδος.
650 2345 738 2404 πᾶσα
752 2341 787 2406 δὲ
802 2343 900 2418 κτίσις
913 2337 1067 2419 σύνθετός
1080 2343 1163 2406 ίστιν
1174 2340 1208 2414 i}
1222 2336 1331 2412 ούσίυς
1345 2338 1444 2404 naiso

290 2438 525 2527 συμβεβηκότος
548 2445 600 2509 καί
623 2441 745 2528 ἐπιδεὴς
763 2443 811 2512 ἀεί
830 2451 887 2529 τῆς
901 2446 993 2520 θείας
1005 2446 1170 2531 προνοίας,
1188 2437 1230 2517 ὥς
1242 2438 1300 2506 ούκ
1311 2440 1401 2504 ἔλευ-

290 2721 340 2760 ms.
374 2703 434 2760 Nee
450 2702 516 2758 sulm
529 2721 578 2775 per
588 2721 619 2758 se
630 2709 785 2777 operaretur
797 2703 867 2759 istud
879 2703 978 2768 lumen,
996 2699 1045 2756 nisi
1060 2717 1107 2772 per
1120 2718 1152 2754 se
1164 2700 1333 2765 subsisteret3
1349 2717 1403 2754 uee

293 2791 342 2846 per
354 2791 383 2827 se
398 2775 568 2838 subsisteret,
586 2775 636 2828 nisi
653 2783 723 2829 esset
738 2775 894 2828 substsutis.
922 2771 1212 2842 Nsmqnemsdmodum
1222 2788 1322 2825 ousuem
1335 2771 1403 2823 sub-

292 2843 413 2908 stantiam
435 2843 561 2898 defiuiuut
576 2861 629 2898 rem
643 2861 691 2914 per
709 2861 739 2898 se
753 2844 951 2907 subsistentem,
968 2841 1007 2894 its
1026 2841 1144 2910 proiectu
1159 2856 1215 2897 ren
1231 2857 1331 2894 omnem
1350 2855 1403 2922 pes·

293 2929 323 2964 se
334 2913 514 2966 subsistentem
531 2912 660 2969 definiunt
679 2911 856 2966 substantium.
891 2911 959 2965 Cum
976 2911 1059 2982 igitur
1071 2911 1120 2963 soc
1133 2909 1190 2964 loeo
1209 2909 1238 2961 8.
1251 2910 1402 2978 Gregorius

291 2980 354 3033 solis
374 2981 495 3046 formem,
512 2999 559 3035 sou
574 2982 673 3047 lumen,
691 2989 753 3036 suto
772 2981 906 3035 noterium
921 2981 987 3048 (boo
1004 2987 1046 3034 est
1064 2988 1127 3032 sute
1140 2978 1226 3032 solers
1241 2977 1402 3032 iustrumen-

289 3049 359 3117 tum)
376 3049 493 3102 declaret
510 3050 608 3104 bebere
628 3067 719 3120 perse
733 3057 761 3102 et
779 3067 813 3102 ex
833 3049 940 3118 propria
953 3058 1047 3104 ustura
1059 3048 1222 3102 existeutism
1237 3054 1266 3100 et
1276 3047 1402 3100 substen-

289 3118 353 3171 tinm
366 3117 526 3187 operativum
539 3135 570 3172 sc
582 3118 791 3182 illuminativum,
807 3135 893 3188 neqsm
904 3119 950 3173 ilie
961 3118 1041 3172 solsri
1055 3117 1163 3171 muteris
1174 3115 1334 3184 indiguisse,
1349 3113 1401 3167 ssd

159 3218 170 3241 ι
289 3186 357 3241 benc
373 3188 460 3256 potius
476 3188 610 3242 materiem
621 3187 792 3242 illuminetiru
810 3188 916 3256 eguisse
927 3189 1025 3252 formu,
1042 3204 1095 3256 que
1108 3187 1152 3254 (ut
1164 3185 1204 3238 ite
1215 3184 1322 3254 loquer)
1341 3183 1402 3236 sui-

288 3263 358 3310 mutu
375 3255 609 3310 substautisreturt
627 3274 698 3321 oum,
715 3257 833 3327 inquens,
851 3257 890 3309 ite
905 3274 935 3311 se
954 3275 996 3310 res
1012 3257 1123 3319 hebent,
1141 3257 1208 3307 bsee
1228 3251 1402 3307 utrumnum

161 3322 167 3337 ¹
287 3325 371 3379 lorum
386 3325 430 3378 lon
450 3323 576 3394 epotiori
589 3325 691 3380 retioue
709 3325 855 3379 substantie
871 3325 936 3389 erit,
959 3343 1035 3396 quem
1057 3325 1142 3377 solere
1159 3322 1223 3376 illud
1240 3323 1402 3376 iustrumen-

183 3432 191 3447 .
287 3401 356 3456 tuum
374 3341 461 3463 quoti,
477 3394 559 3448 veluti
582 3413 630 3466 per
645 3414 674 3450 se
693 3395 794 3450 minime
811 3396 956 3448 subsistens
974 3404 1053 3464 utque
1065 3393 1188 3456 inlorme,
1204 3391 1235 3444 S.
1252 3388 1402 3458 Gregorius

288 3461 421 3516 materiem
441 3481 499 3517 esse
514 3463 634 3519 affirmet
671 3465 841 3534 Quapropter
859 3481 968 3517 neeesse
985 3471 1027 3516 est
1043 3462 1126 3516 Deum
1144 3479 1204 3514 esse
1215 3459 1400 3524 substsutism,

288 3547 357 3601 quae
375 3531 480 3601 propris
496 3533 597 3671 ριοιλέρετ
618 3533 803 3596 subsistentis,
819 3549 868 3586 seo
885 3533 963 3586 ullius
979 3533 1057 3602 pinus
1072 3530 1111 3586 rei
1131 3529 1169 3583 sit
1187 3528 1287 3598 indign.
1328 3527 1402 3581 Nm

289 3601 360 3670 qnod
373 3601 455 3654 sltern
469 3600 495 3653 iu
575 3643 582 3668 ,
599 3603 753 3657 usturuliter
766 3620 799 3656 eo
813 3601 943 3672 posterius
954 3608 1010 3666 est,
1028 3617 1079 3671 quo
1092 3599 1211 3668 indigen
1227 3607 1256 3651 et
1267 3598 1293 3651 ei
1306 3613 1402 3650 ueoes·

289 3667 359 3722 sntio
380 3670 506 3734 inservit,
523 3671 598 3726 euius
616 3671 731 3742 indigum
752 3676 802 3724 est.
837 3670 908 3723 Hine
919 3679 1049 3739 superest,
1063 3676 1093 3720 ut
1108 3669 1217 3722 slterum
1232 3665 1316 3720 sltero
1329 3663 1402 3718 iudi·

289 3745 360 3808 geut
396 3739 478 3791 Porro
495 3741 550 3793 reri
566 3757 598 3794 no
625 3741 715 3810 roprie
726 3739 790 3793 dieti
805 3734 928 3809 principii
941 3756 1005 3792 vere
1017 3746 1059 3792 est
1072 3755 1103 3790 se
1115 3736 1230 3806 genuine
1238 3735 1401 3806 proprietns,

287 3805 357 3860 nulls
368 3823 398 3860 re
411 3806 546 3876 indigere,
564 3815 593 3863 et
606 3757 753 3864 ieiunanti
772 3809 928 3892 principium
940 3808 1021 3862 debet
1034 3805 1139 3876 proprie
1153 3811 1273 3886 esse,·et
1284 3801 1354 3858 omni
1365 3819 1400 3856 eo

287 3875 377 3946 prius,
395 3876 463 3946 quod
480 3876 596 3948 indigum
614 3884 664 3932 est
699 3880 814 3949 Oportet
826 3895 894 3931 emm
905 3885 935 3931 ut
967 3877 1104 3948 riueipium
1123 3874 1159 3928 sit
1170 3875 1219 3928 hoe
1230 3890 1315 3942 ipsum
1329 3871 1402 3924 ‹lun-

287 3951 371 4009 tsxnt,
388 3961 481 4015 nempe
495 3945 577 4015 princi
597 3947 658 4012 ium,
676 3965 725 4003 σεο
739 3946 792 4000 ulle
804 3964 833 4001 re
849 3947 901 4000 slis
915 3947 941 3999 in
960 3948 966 3961 '
989 3953 1041 3999 est.
1077 3945 1135 4010 „itt
1151 3941 1243 4006 vero,”
1261 3947 1290 3994 ut
1308 3940 1349 3993 sit
1362 3938 1401 3994 Ι).

286 4013 425 4078 Mnximus,
442 4023 568 4079 „ssuotee
580 3967 607 4070 Pl*

287 4081 315 4136 le
327 4081 452 4152 simplex,
469 4083 533 4138 nibil
553 4086 651 4139 hsbeus
667 4086 807 4139 admixtum
823 4085 916 4155 disper
934 4085 974 4137 sui
995 4093 1075 4153 empne
1089 4081 1229 4145 dissimile,
1245 4079 1286 4133 rei
1298 4078 1401 4132 nullius

287 4149 379 4222 indign
397 4159 426 4206 st
445 4151 625 4209 immutsbiliss
648 4155 730 4208 omnis
749 4161 834 4208 entem
851 4161 973 4207 eresturs
991 4171 1025 4206 ex
1042 4150 1189 4206 substsutis
1208 4156 1238 4202 et
1259 4147 1401 4203 souidsute

287 4219 431 4292 wmposits
447 4228 488 4277 est
504 4239 537 4278 su
552 4223 642 4280 ditius
653 4239 755 4297 semper
773 4231 837 4294 sust
848 4222 1034 4295 providentis,
1053 4221 1151 4294 quippe
1168 4235 1238 4292 quse
1255 4233 1309 4272 unu
1326 4215 1365 4270 sit
1379 4232 1400 4272 s

608 4015 722 4070 rinitetis
735 4017 881 4068 substsutie
894 4015 1073 4070 universorum
1085 4030 1171 4067 reru·
1183 4011 1272 4082 opiler
1283 4017 1337 4071 est,
1352 4027 1401 4064 so·
