<?xml version="1.0" encoding="UTF-8"?>
<!DOCTYPE html PUBLIC "-//W3C//DTD XHTML 1.0 Transitional//EN"
    "http://www.w3.org/TR/xhtml1/DTD/xhtml1-transitional.dtd">
<html xmlns="http://www.w3.org/1999/xhtml" xml:lang="en" lang="en">
 <head>
  <title>
</title>
<meta http-equiv="Content-Type" content="text/html;charset=utf-8" />
  <meta name='ocr-system' content='tesseract 3.04.00' />
  <meta name='ocr-capabilities' content='ocr_page ocr_carea ocr_par ocr_line ocrx_word'/>
</head>
<body>
  <div class='ocr_page' id='page_1' title='image "./corpusscriptoru38theogoog_0417.png"; bbox 0 0 3067 4792; ppageno 0'>
   <div class='ocr_carea' id='block_1_1' title="bbox 399 301 1297 387">
    <p class='ocr_par' dir='ltr' id='par_1_1' title="bbox 399 301 1297 387">
     <span class='ocr_line' id='line_1_1' title="bbox 399 301 1297 387; baseline -0.011 -1"><span class='ocrx_word' id='word_1_1' title='bbox 399 311 639 387; x_wconf 82' lang='lat' dir='ltr'><strong>HISTORIAE</strong></span> <span class='ocrx_word' id='word_1_2' title='bbox 659 309 941 382; x_wconf 82' lang='lat' dir='ltr'><strong>BYZANTINAE</strong></span> <span class='ocrx_word' id='word_1_3' title='bbox 958 309 1080 383; x_wconf 63' lang='lat' dir='ltr'>XM</span> <span class='ocrx_word' id='word_1_4' title='bbox 1218 301 1297 376; x_wconf 77' lang='lat'>979</span> 
     </span>
    </p>
   </div>
   <div class='ocr_carea' id='block_1_2' title="bbox 181 457 1461 567">
    <p class='ocr_par' dir='ltr' id='par_1_2' title="bbox 181 457 1461 567">
     <span class='ocr_line' id='line_1_2' title="bbox 181 457 1461 567; baseline -0.005 -17"><span class='ocrx_word' id='word_1_5' title='bbox 181 489 246 551; x_wconf 78' lang='grc' dir='ltr'>πᾶν</span> <span class='ocrx_word' id='word_1_6' title='bbox 270 481 451 565; x_wconf 80' lang='grc' dir='ltr'><strong><em>ἀντιβαῒνον</em></strong></span> <span class='ocrx_word' id='word_1_7' title='bbox 471 479 607 567; x_wconf 79' lang='grc' dir='ltr'><strong><em>ίσχορῶς</em></strong></span> <span class='ocrx_word' id='word_1_8' title='bbox 620 477 881 566; x_wconf 83' lang='grc' dir='ltr'><strong><em>ἀποτρεπομίνης.</em></strong></span> <span class='ocrx_word' id='word_1_9' title='bbox 915 475 1119 565; x_wconf 79' lang='grc' dir='ltr'><strong><em>πολλοΐςγδρ</em></strong></span> <span class='ocrx_word' id='word_1_10' title='bbox 1137 457 1334 561; x_wconf 71' lang='grc' dir='ltr'><strong><em>χειμῶνωνε.</em></strong></span> <span class='ocrx_word' id='word_1_11' title='bbox 1351 496 1461 553; x_wconf 78' lang='lat' dir='ltr'><strong>c.1351</strong></span> 
     </span>
    </p>
   </div>
   <div class='ocr_carea' id='block_1_3' title="bbox 182 573 1432 774">
    <p class='ocr_par' dir='ltr' id='par_1_3' title="bbox 182 573 1432 774">
     <span class='ocr_line' id='line_1_3' title="bbox 183 573 1432 692; baseline -0.004 -39"><span class='ocrx_word' id='word_1_12' title='bbox 183 573 376 663; x_wconf 76' lang='grc' dir='ltr'><strong><em>ἀντιπνοίαις</em></strong></span> <span class='ocrx_word' id='word_1_13' title='bbox 395 581 624 670; x_wconf 95' lang='grc' dir='ltr'><strong><em>περιτυχόντες,</em></strong></span> <span class='ocrx_word' id='word_1_14' title='bbox 652 581 844 670; x_wconf 86' lang='grc' dir='ltr'><strong><em>ἀρχοντικῶν</em></strong></span> <span class='ocrx_word' id='word_1_15' title='bbox 860 607 897 649; x_wconf 88' lang='grc' dir='ltr'>τε</span> <span class='ocrx_word' id='word_1_16' title='bbox 915 583 967 647; x_wconf 78' lang='grc' dir='ltr'>καί</span> <span class='ocrx_word' id='word_1_17' title='bbox 985 579 1173 667; x_wconf 77' lang='grc' dir='ltr'><strong><em>ἡγεμονικῶν</em></strong></span> <span class='ocrx_word' id='word_1_18' title='bbox 1179 630 1190 662; x_wconf 93' lang='grc'><strong><em>,</em></strong></span> <span class='ocrx_word' id='word_1_19' title='bbox 1280 622 1297 634; x_wconf 95' lang='grc'>-</span> <span class='ocrx_word' id='word_1_20' title='bbox 1327 603 1432 692; x_wconf 54' lang='lat' dir='ltr'>tecnas</span> 
     </span>
     <span class='ocr_line' id='line_1_4' title="bbox 182 684 1419 774; baseline -0.005 -17"><span class='ocrx_word' id='word_1_21' title='bbox 182 696 254 766; x_wconf 80' lang='grc' dir='ltr'><strong><em>λαῒς</em></strong></span> <span class='ocrx_word' id='word_1_22' title='bbox 273 689 306 756; x_wconf 72' lang='grc' dir='ltr'><strong><em>δ’</em></strong></span> <span class='ocrx_word' id='word_1_23' title='bbox 323 685 555 771; x_wconf 69' lang='grc' dir='ltr'><strong><em>ἐμπεπωκότες</em></strong></span> <span class='ocrx_word' id='word_1_24' title='bbox 569 693 723 774; x_wconf 75' lang='grc' dir='ltr'><strong><em>πειρατῶν</em></strong></span> <span class='ocrx_word' id='word_1_25' title='bbox 742 689 835 752; x_wconf 75' lang='grc' dir='ltr'><strong><em>εἰπεῖν</em></strong></span> <span class='ocrx_word' id='word_1_26' title='bbox 849 687 1019 773; x_wconf 71' lang='grc' dir='ltr'><strong><em>ἐφεδρείαις</em></strong></span> <span class='ocrx_word' id='word_1_27' title='bbox 1027 734 1037 766; x_wconf 91' lang='grc'><strong><em>,</em></strong></span> <span class='ocrx_word' id='word_1_28' title='bbox 1066 684 1294 773; x_wconf 73' lang='grc' dir='ltr'><strong><em>πρεσβυτέρων,</em></strong></span> <span class='ocrx_word' id='word_1_29' title='bbox 1312 703 1419 762; x_wconf 73' lang='lat'>1²,615&#39;</span> 
     </span>
    </p>
   </div>
   <div class='ocr_carea' id='block_1_4' title="bbox 59 786 1417 2435">
    <p class='ocr_par' dir='ltr' id='par_1_4' title="bbox 144 786 1417 1708">
     <span class='ocr_line' id='line_1_5' title="bbox 184 786 1296 879; baseline -0.004 -21"><span class='ocrx_word' id='word_1_30' title='bbox 184 789 358 859; x_wconf 71' lang='grc' dir='ltr'><strong><em>ἐπισκόπων</em></strong></span> <span class='ocrx_word' id='word_1_31' title='bbox 378 817 412 859; x_wconf 87' lang='grc' dir='ltr'>τε</span> <span class='ocrx_word' id='word_1_32' title='bbox 441 793 493 858; x_wconf 77' lang='grc' dir='ltr'>καὶ</span> <span class='ocrx_word' id='word_1_33' title='bbox 516 797 581 858; x_wconf 88' lang='grc' dir='ltr'>τῶν</span> <span class='ocrx_word' id='word_1_34' title='bbox 598 787 749 857; x_wconf 76' lang='grc' dir='ltr'><strong><em>τοιούτων</em></strong></span> <span class='ocrx_word' id='word_1_35' title='bbox 776 790 831 879; x_wconf 75' lang='lat' dir='ltr'>(iai</span> <span class='ocrx_word' id='word_1_36' title='bbox 846 788 907 876; x_wconf 80' lang='grc' dir='ltr'>γὰρ</span> <span class='ocrx_word' id='word_1_37' title='bbox 921 795 986 855; x_wconf 84' lang='grc' dir='ltr'>τῶν</span> <span class='ocrx_word' id='word_1_38' title='bbox 999 813 1032 873; x_wconf 92' lang='grc' dir='ltr'><strong><em>γε</em></strong></span> <span class='ocrx_word' id='word_1_39' title='bbox 1048 786 1296 876; x_wconf 78' lang='grc' dir='ltr'><strong><em>παραβομβούν-</em></strong></span> 
     </span>
     <span class='ocr_line' id='line_1_6' title="bbox 162 889 1296 982; baseline -0.005 -19"><span class='ocrx_word' id='word_1_40' title='bbox 162 907 250 964; x_wconf 78' lang='grc' dir='ltr'><strong><em>ὅτων</em></strong></span> <span class='ocrx_word' id='word_1_41' title='bbox 274 891 413 963; x_wconf 79' lang='grc' dir='ltr'><strong><em>κολάκων</em></strong></span> <span class='ocrx_word' id='word_1_42' title='bbox 440 894 478 961; x_wconf 88' lang='grc' dir='ltr'><strong><em>τό</em></strong></span> <span class='ocrx_word' id='word_1_43' title='bbox 506 892 645 980; x_wconf 79' lang='grc' dir='ltr'><strong><em>πλῆθος)</em></strong></span> <span class='ocrx_word' id='word_1_44' title='bbox 671 890 880 979; x_wconf 77' lang='grc' dir='ltr'><strong><em>ύπερίσχομεν</em></strong></span> <span class='ocrx_word' id='word_1_45' title='bbox 903 889 959 969; x_wconf 79' lang='grc' dir='ltr'><strong><em>ξύν</em></strong></span> <span class='ocrx_word' id='word_1_46' title='bbox 983 919 1017 978; x_wconf 90' lang='grc' dir='ltr'><strong><em>γε</em></strong></span> <span class='ocrx_word' id='word_1_47' title='bbox 1038 898 1126 982; x_wconf 78' lang='grc' dir='ltr'><strong><em>θεῷ,</em></strong></span> <span class='ocrx_word' id='word_1_48' title='bbox 1152 890 1296 958; x_wconf 76' lang='grc' dir='ltr'><strong><em>κινδύνου</em></strong></span> 
     </span>
     <span class='ocr_line' id='line_1_7' title="bbox 183 993 1417 1086; baseline -0.004 -20"><span class='ocrx_word' id='word_1_49' title='bbox 183 999 303 1078; x_wconf 84' lang='grc' dir='ltr'><strong><em>παντός</em></strong></span> <span class='ocrx_word' id='word_1_50' title='bbox 324 995 608 1076; x_wconf 82' lang='grc' dir='ltr'><strong><em>καταπεπλευκότες</em></strong></span> <span class='ocrx_word' id='word_1_51' title='bbox 627 993 800 1086; x_wconf 72' lang='grc' dir='ltr'><strong><em>ὖπίρτεροι.</em></strong></span> <span class='ocrx_word' id='word_1_52' title='bbox 835 1000 863 1063; x_wconf 85' lang='grc' dir='ltr'><strong><em>εί</em></strong></span> <span class='ocrx_word' id='word_1_53' title='bbox 876 997 912 1062; x_wconf 75' lang='grc' dir='ltr'><strong><em>δὲ</em></strong></span> <span class='ocrx_word' id='word_1_54' title='bbox 925 995 1035 1082; x_wconf 77' lang='grc' dir='ltr'><strong><em>ιιὴκαί</em></strong></span> <span class='ocrx_word' id='word_1_55' title='bbox 1049 995 1123 1073; x_wconf 81' lang='grc' dir='ltr'><strong><em>τούς</em></strong></span> <span class='ocrx_word' id='word_1_56' title='bbox 1141 995 1296 1063; x_wconf 85' lang='grc' dir='ltr'><strong><em>ἀνθιστα-</em></strong></span> <span class='ocrx_word' id='word_1_57' title='bbox 1357 1001 1361 1013; x_wconf 88' lang='grc'><strong>’</strong></span> <span class='ocrx_word' id='word_1_58' title='bbox 1410 1007 1417 1022; x_wconf 85' lang='grc'><strong><em>’</em></strong></span> 
     </span>
     <span class='ocr_line' id='line_1_8' title="bbox 182 1093 1298 1188; baseline -0.004 -19"><span class='ocrx_word' id='word_1_59' title='bbox 182 1102 295 1188; x_wconf 85' lang='grc' dir='ltr'><strong><em>μίνοας</em></strong></span> <span class='ocrx_word' id='word_1_60' title='bbox 311 1102 487 1175; x_wconf 70' lang='grc' dir='ltr'><strong><em>αἰσθέσθαι</em></strong></span> <span class='ocrx_word' id='word_1_61' title='bbox 498 1105 680 1186; x_wconf 88' lang='grc' dir='ltr'><strong><em>πεπείκαμεν</em></strong></span> <span class='ocrx_word' id='word_1_62' title='bbox 687 1151 698 1184; x_wconf 91' lang='grc'><strong><em>,</em></strong></span> <span class='ocrx_word' id='word_1_63' title='bbox 720 1103 773 1167; x_wconf 73' lang='grc' dir='ltr'>καὶ</span> <span class='ocrx_word' id='word_1_64' title='bbox 789 1099 965 1186; x_wconf 78' lang='grc' dir='ltr'><strong><em>ἀνανῆψαι,</em></strong></span> <span class='ocrx_word' id='word_1_65' title='bbox 987 1093 1133 1187; x_wconf 74' lang='grc' dir='ltr'><strong><em>καθάπερ</em></strong></span> <span class='ocrx_word' id='word_1_66' title='bbox 1148 1101 1182 1165; x_wconf 74' lang='grc' dir='ltr'>ἔκ</span> <span class='ocrx_word' id='word_1_67' title='bbox 1192 1100 1298 1184; x_wconf 73' lang='grc' dir='ltr'><strong><em>μέθης</em></strong></span> 
     </span>
     <span class='ocr_line' id='line_1_9' title="bbox 183 1200 1298 1292; baseline -0.002 -20"><span class='ocrx_word' id='word_1_68' title='bbox 183 1201 335 1292; x_wconf 76' lang='grc' dir='ltr'><strong><em>μεγάλης,</em></strong></span> <span class='ocrx_word' id='word_1_69' title='bbox 364 1212 422 1291; x_wconf 77' lang='grc' dir='ltr'>τῆς</span> <span class='ocrx_word' id='word_1_70' title='bbox 440 1202 576 1291; x_wconf 85' lang='grc' dir='ltr'><strong><em>πλόνης,</em></strong></span> <span class='ocrx_word' id='word_1_71' title='bbox 600 1204 705 1271; x_wconf 83' lang='grc' dir='ltr'><strong><em>καινόν</em></strong></span> <span class='ocrx_word' id='word_1_72' title='bbox 724 1203 825 1271; x_wconf 83' lang='grc' dir='ltr'><strong><em>οάδίν.</em></strong></span> <span class='ocrx_word' id='word_1_73' title='bbox 864 1200 963 1287; x_wconf 88' lang='grc' dir='ltr'><strong><em>κύριοι</em></strong></span> <span class='ocrx_word' id='word_1_74' title='bbox 981 1203 1041 1291; x_wconf 84' lang='grc' dir='ltr'><strong><em>γδρ</em></strong></span> <span class='ocrx_word' id='word_1_75' title='bbox 1063 1200 1153 1288; x_wconf 67' lang='grc' dir='ltr'><strong><em>η’μείς</em></strong></span> <span class='ocrx_word' id='word_1_76' title='bbox 1178 1203 1217 1270; x_wconf 86' lang='grc' dir='ltr'><strong><em>οά</em></strong></span> <span class='ocrx_word' id='word_1_77' title='bbox 1237 1211 1298 1288; x_wconf 73' lang='grc' dir='ltr'><strong><em>τῆς</em></strong></span> 
     </span>
     <span class='ocr_line' id='line_1_10' title="bbox 183 1303 1326 1398; baseline -0.005 -22"><span class='ocrx_word' id='word_1_78' title='bbox 183 1316 249 1376; x_wconf 79' lang='grc' dir='ltr'>τῶν</span> <span class='ocrx_word' id='word_1_79' title='bbox 264 1309 436 1398; x_wconf 76' lang='grc' dir='ltr'><strong><em>ἀλλοτρίων</em></strong></span> <span class='ocrx_word' id='word_1_80' title='bbox 450 1305 592 1396; x_wconf 86' lang='grc' dir='ltr'><strong><em>γνιύμης,</em></strong></span> <span class='ocrx_word' id='word_1_81' title='bbox 618 1307 699 1374; x_wconf 83' lang='grc' dir='ltr'>ἀλλά</span> <span class='ocrx_word' id='word_1_82' title='bbox 717 1315 776 1392; x_wconf 82' lang='grc' dir='ltr'>τῆς</span> <span class='ocrx_word' id='word_1_83' title='bbox 796 1305 876 1393; x_wconf 90' lang='grc' dir='ltr'><strong><em>πρδς</em></strong></span> <span class='ocrx_word' id='word_1_84' title='bbox 892 1307 927 1373; x_wconf 89' lang='grc' dir='ltr'><strong><em>τό</em></strong></span> <span class='ocrx_word' id='word_1_85' title='bbox 942 1314 999 1373; x_wconf 82' lang='grc' dir='ltr'><strong><em>τοῦ</em></strong></span> <span class='ocrx_word' id='word_1_86' title='bbox 1015 1305 1108 1392; x_wconf 78' lang='grc' dir='ltr'><strong><em>ζήλου</em></strong></span> <span class='ocrx_word' id='word_1_87' title='bbox 1121 1306 1218 1374; x_wconf 87' lang='grc' dir='ltr'><strong><em>καλόν</em></strong></span> <span class='ocrx_word' id='word_1_88' title='bbox 1239 1303 1326 1394; x_wconf 83' lang='grc' dir='ltr'><strong><em>όρ-Β</em></strong></span> 
     </span>
     <span class='ocr_line' id='line_1_11' title="bbox 144 1407 1319 1500; baseline -0.002 -22"><span class='ocrx_word' id='word_1_89' title='bbox 144 1419 247 1499; x_wconf 80' lang='grc' dir='ltr'><strong><em>Ιομῆς</em></strong></span> <span class='ocrx_word' id='word_1_90' title='bbox 269 1415 321 1478; x_wconf 76' lang='grc' dir='ltr'>καὶ</span> <span class='ocrx_word' id='word_1_91' title='bbox 342 1419 406 1480; x_wconf 84' lang='grc' dir='ltr'>τῶν</span> <span class='ocrx_word' id='word_1_92' title='bbox 426 1409 504 1500; x_wconf 66' lang='lat' dir='ltr'>into</span> <span class='ocrx_word' id='word_1_93' title='bbox 524 1419 582 1498; x_wconf 80' lang='grc' dir='ltr'>τῆς</span> <span class='ocrx_word' id='word_1_94' title='bbox 601 1411 753 1497; x_wconf 86' lang='grc' dir='ltr'><strong><em>ἀληθείας</em></strong></span> <span class='ocrx_word' id='word_1_95' title='bbox 778 1407 895 1496; x_wconf 85' lang='grc' dir='ltr'><strong><em>λόγων·</em></strong></span> <span class='ocrx_word' id='word_1_96' title='bbox 922 1416 985 1477; x_wconf 89' lang='grc' dir='ltr'>τῶν</span> <span class='ocrx_word' id='word_1_97' title='bbox 1002 1410 1034 1476; x_wconf 81' lang='grc' dir='ltr'><strong><em>δ’</em></strong></span> <span class='ocrx_word' id='word_1_98' title='bbox 1050 1411 1197 1478; x_wconf 78' lang='grc' dir='ltr'><strong><em>ίνῐεόθεν</em></strong></span> <span class='ocrx_word' id='word_1_99' title='bbox 1214 1410 1319 1478; x_wconf 81' lang='lat' dir='ltr'>uino-⁸</span> 
     </span>
     <span class='ocr_line' id='line_1_12' title="bbox 184 1511 1295 1603; baseline 0.001 -21"><span class='ocrx_word' id='word_1_100' title='bbox 184 1513 376 1600; x_wconf 82' lang='grc' dir='ltr'><strong><em>βαινόντων,</em></strong></span> <span class='ocrx_word' id='word_1_101' title='bbox 401 1513 483 1600; x_wconf 91' lang='grc' dir='ltr'><strong><em>μόνη</em></strong></span> <span class='ocrx_word' id='word_1_102' title='bbox 500 1512 650 1592; x_wconf 78' lang='grc' dir='ltr'><strong><em>καθάπαξ</em></strong></span> <span class='ocrx_word' id='word_1_103' title='bbox 664 1511 685 1599; x_wconf 79' lang='grc' dir='ltr'><em>ἦ</em></span> <span class='ocrx_word' id='word_1_104' title='bbox 702 1511 935 1580; x_wconf 87' lang='grc' dir='ltr'><strong><em>δυναστεύουσα</em></strong></span> <span class='ocrx_word' id='word_1_105' title='bbox 952 1514 1052 1600; x_wconf 89' lang='grc' dir='ltr'><strong><em>κρίσις</em></strong></span> <span class='ocrx_word' id='word_1_106' title='bbox 1066 1511 1134 1597; x_wconf 80' lang='grc' dir='ltr'>ἅμα</span> <span class='ocrx_word' id='word_1_107' title='bbox 1150 1517 1202 1580; x_wconf 76' lang='grc' dir='ltr'>καὶ</span> <span class='ocrx_word' id='word_1_108' title='bbox 1215 1517 1295 1603; x_wconf 87' lang='grc' dir='ltr'><strong><em>χείρ.</em></strong></span> 
     </span>
     <span class='ocr_line' id='line_1_13' title="bbox 185 1616 1297 1708; baseline -0.003 -22"><span class='ocrx_word' id='word_1_109' title='bbox 185 1617 305 1704; x_wconf 89' lang='grc' dir='ltr'><strong><em>ταύτην</em></strong></span> <span class='ocrx_word' id='word_1_110' title='bbox 321 1619 353 1686; x_wconf 76' lang='grc' dir='ltr'><strong><em>δ’</em></strong></span> <span class='ocrx_word' id='word_1_111' title='bbox 371 1621 414 1696; x_wconf 79' lang='grc' dir='ltr'><strong><em>εἰς</em></strong></span> <span class='ocrx_word' id='word_1_112' title='bbox 428 1619 596 1685; x_wconf 85' lang='grc' dir='ltr'><strong><em>ἀντίπαλον</em></strong></span> <span class='ocrx_word' id='word_1_113' title='bbox 608 1623 665 1704; x_wconf 78' lang='grc' dir='ltr'>τῆς</span> <span class='ocrx_word' id='word_1_114' title='bbox 680 1617 834 1701; x_wconf 77' lang='grc' dir='ltr'><strong><em>ἀληθείας</em></strong></span> <span class='ocrx_word' id='word_1_115' title='bbox 846 1628 963 1704; x_wconf 75' lang='grc' dir='ltr'><strong><em>μοῖραν</em></strong></span> <span class='ocrx_word' id='word_1_116' title='bbox 975 1617 1205 1708; x_wconf 72' lang='grc' dir='ltr'><strong><em>ἀπορραγεῖσαν</em></strong></span> <span class='ocrx_word' id='word_1_117' title='bbox 1224 1616 1297 1684; x_wconf 75' lang='lat' dir='ltr'>‹iio-</span> 
     </span>
    </p>

    <p class='ocr_par' dir='ltr' id='par_1_5' title="bbox 59 1713 1326 2435">
     <span class='ocr_line' id='line_1_14' title="bbox 59 1713 1297 1812; baseline -0.003 -23"><span class='ocrx_word' id='word_1_118' title='bbox 59 1713 66 1725; x_wconf 64' lang='grc'><strong><em>’</em></strong></span> <span class='ocrx_word' id='word_1_119' title='bbox 186 1731 320 1810; x_wconf 89' lang='grc' dir='ltr'><strong><em>σχερῶς,</em></strong></span> <span class='ocrx_word' id='word_1_120' title='bbox 348 1725 400 1788; x_wconf 79' lang='grc' dir='ltr'>καί</span> <span class='ocrx_word' id='word_1_121' title='bbox 414 1729 459 1812; x_wconf 80' lang='grc' dir='ltr'><strong><em>τῷ</em></strong></span> <span class='ocrx_word' id='word_1_122' title='bbox 470 1719 575 1811; x_wconf 84' lang='grc' dir='ltr'><strong><em>χρόνῳ</em></strong></span> <span class='ocrx_word' id='word_1_123' title='bbox 594 1727 845 1805; x_wconf 78' lang='grc' dir='ltr'><strong><em>βεβαιωθεΐσαν,</em></strong></span> <span class='ocrx_word' id='word_1_124' title='bbox 873 1723 1004 1810; x_wconf 79' lang='grc' dir='ltr'><strong><em>σιδηρᾶν</em></strong></span> <span class='ocrx_word' id='word_1_125' title='bbox 1018 1747 1088 1788; x_wconf 91' lang='grc' dir='ltr'><strong><em>τινα</em></strong></span> <span class='ocrx_word' id='word_1_126' title='bbox 1102 1727 1297 1806; x_wconf 78' lang='grc' dir='ltr'><strong><em>καταστῆναι</em></strong></span> 
     </span>
     <span class='ocr_line' id='line_1_15' title="bbox 185 1821 1298 1914; baseline 0.001 -23"><span class='ocrx_word' id='word_1_127' title='bbox 185 1826 387 1910; x_wconf 79' lang='grc' dir='ltr'><strong><em>ξυμπίπτωκε</em></strong></span> <span class='ocrx_word' id='word_1_128' title='bbox 402 1828 454 1891; x_wconf 77' lang='grc' dir='ltr'>καί</span> <span class='ocrx_word' id='word_1_129' title='bbox 480 1825 709 1912; x_wconf 72' lang='grc' dir='ltr'><strong><em>ἀνεπίστροφον</em></strong></span> <span class='ocrx_word' id='word_1_130' title='bbox 731 1821 813 1902; x_wconf 86' lang='grc' dir='ltr'><strong><em>όλως</em></strong></span> <span class='ocrx_word' id='word_1_131' title='bbox 832 1827 875 1901; x_wconf 78' lang='grc' dir='ltr'>είς</span> <span class='ocrx_word' id='word_1_132' title='bbox 890 1825 948 1909; x_wconf 76' lang='grc' dir='ltr'>τὴν</span> <span class='ocrx_word' id='word_1_133' title='bbox 963 1831 1021 1892; x_wconf 79' lang='grc' dir='ltr'><strong><em>τού</em></strong></span> <span class='ocrx_word' id='word_1_134' title='bbox 1040 1825 1215 1914; x_wconf 89' lang='grc' dir='ltr'><strong><em>κρείττονος</em></strong></span> <span class='ocrx_word' id='word_1_135' title='bbox 1235 1821 1298 1911; x_wconf 79' lang='grc' dir='ltr'>φύ-</span> 
     </span>
     <span class='ocr_line' id='line_1_16' title="bbox 145 1925 1326 2018; baseline -0.001 -24"><span class='ocrx_word' id='word_1_136' title='bbox 145 1937 246 1998; x_wconf 82' lang='grc' dir='ltr'><strong><em>ίόσιν.</em></strong></span> <span class='ocrx_word' id='word_1_137' title='bbox 274 1927 310 1996; x_wconf 84' lang='grc' dir='ltr'>ού</span> <span class='ocrx_word' id='word_1_138' title='bbox 326 1929 385 2018; x_wconf 87' lang='grc' dir='ltr'>γάρ</span> <span class='ocrx_word' id='word_1_139' title='bbox 398 1926 596 2014; x_wconf 74' lang='grc' dir='ltr'><strong><em>δικαιοσύνης</em></strong></span> <span class='ocrx_word' id='word_1_140' title='bbox 610 1927 756 2014; x_wconf 83' lang='grc' dir='ltr'><strong><em>ἀσκησις,</em></strong></span> <span class='ocrx_word' id='word_1_141' title='bbox 786 1927 857 1994; x_wconf 75' lang='grc' dir='ltr'><strong><em>οὐδ’</em></strong></span> <span class='ocrx_word' id='word_1_142' title='bbox 873 1925 1043 2014; x_wconf 69' lang='grc' dir='ltr'><strong><em>ἐπιστήμης</em></strong></span> <span class='ocrx_word' id='word_1_143' title='bbox 1056 1925 1199 2010; x_wconf 85' lang='grc' dir='ltr'><strong><em>κανόνες,</em></strong></span> <span class='ocrx_word' id='word_1_144' title='bbox 1226 1927 1326 1994; x_wconf 78' lang='grc' dir='ltr'><strong><em>ἀντ-0</em></strong></span> 
     </span>
     <span class='ocr_line' id='line_1_17' title="bbox 182 2028 1295 2120; baseline 0 -22"><span class='ocrx_word' id='word_1_145' title='bbox 182 2029 359 2119; x_wconf 83' lang='grc' dir='ltr'><strong><em>χόλκεασύν</em></strong></span> <span class='ocrx_word' id='word_1_146' title='bbox 372 2057 408 2099; x_wconf 85' lang='grc' dir='ltr'>τε</span> <span class='ocrx_word' id='word_1_147' title='bbox 423 2037 474 2098; x_wconf 81' lang='grc' dir='ltr'>καὶ</span> <span class='ocrx_word' id='word_1_148' title='bbox 490 2030 590 2109; x_wconf 72' lang='grc' dir='ltr'><strong><em>οὕτως</em></strong></span> <span class='ocrx_word' id='word_1_149' title='bbox 604 2028 883 2120; x_wconf 81' lang='grc' dir='ltr'><strong><em>ίσφυρηλότησοιν,</em></strong></span> <span class='ocrx_word' id='word_1_150' title='bbox 910 2032 984 2097; x_wconf 79' lang='grc' dir='ltr'><strong><em>ἀλλ’</em></strong></span> <span class='ocrx_word' id='word_1_151' title='bbox 999 2029 1132 2120; x_wconf 76' lang='grc' dir='ltr'><strong><em>δριννύες</em></strong></span> <span class='ocrx_word' id='word_1_152' title='bbox 1148 2035 1295 2099; x_wconf 86' lang='grc' dir='ltr'><strong><em>κακοδαί-</em></strong></span> 
     </span>
     <span class='ocr_line' id='line_1_18' title="bbox 185 2134 1297 2226; baseline -0.002 -23"><span class='ocrx_word' id='word_1_153' title='bbox 185 2162 278 2222; x_wconf 87' lang='grc' dir='ltr'><strong><em>μονες</em></strong></span> <span class='ocrx_word' id='word_1_154' title='bbox 300 2139 351 2203; x_wconf 75' lang='grc' dir='ltr'>καί</span> <span class='ocrx_word' id='word_1_155' title='bbox 371 2144 515 2225; x_wconf 81' lang='grc' dir='ltr'><strong><em>πονηρῶν</em></strong></span> <span class='ocrx_word' id='word_1_156' title='bbox 537 2139 694 2226; x_wconf 81' lang='grc' dir='ltr'><strong><em>Τελχίνων</em></strong></span> <span class='ocrx_word' id='word_1_157' title='bbox 714 2135 842 2211; x_wconf 89' lang='grc' dir='ltr'><strong><em>θίασος.</em></strong></span> <span class='ocrx_word' id='word_1_158' title='bbox 876 2134 917 2201; x_wconf 81' lang='grc' dir='ltr'><strong><em>τά</em></strong></span> <span class='ocrx_word' id='word_1_159' title='bbox 931 2137 989 2220; x_wconf 71' lang='grc' dir='ltr'><strong><em>μέν</em></strong></span> <span class='ocrx_word' id='word_1_160' title='bbox 1009 2135 1069 2223; x_wconf 84' lang='grc' dir='ltr'><strong><em>γδρ</em></strong></span> <span class='ocrx_word' id='word_1_161' title='bbox 1088 2135 1149 2201; x_wconf 82' lang='grc' dir='ltr'><strong><em>ἀπὸ</em></strong></span> <span class='ocrx_word' id='word_1_162' title='bbox 1174 2138 1297 2213; x_wconf 87' lang='grc' dir='ltr'><strong><em>δικαίας</em></strong></span> 
     </span>
     <span class='ocr_line' id='line_1_19' title="bbox 186 2233 1297 2329; baseline 0 -23"><span class='ocrx_word' id='word_1_163' title='bbox 186 2237 342 2328; x_wconf 89' lang='grc' dir='ltr'><strong><em>ἀρχόμενα</em></strong></span> <span class='ocrx_word' id='word_1_164' title='bbox 362 2239 448 2328; x_wconf 80' lang='grc' dir='ltr'><strong><em>ῥίζης</em></strong></span> <span class='ocrx_word' id='word_1_165' title='bbox 467 2241 520 2306; x_wconf 77' lang='grc' dir='ltr'>καὶ</span> <span class='ocrx_word' id='word_1_166' title='bbox 538 2240 690 2326; x_wconf 84' lang='grc' dir='ltr'><strong><em>εύπαγοῦς</em></strong></span> <span class='ocrx_word' id='word_1_167' title='bbox 711 2233 924 2325; x_wconf 85' lang='grc' dir='ltr'><strong><em>μονιμιύτερον</em></strong></span> <span class='ocrx_word' id='word_1_168' title='bbox 937 2241 990 2305; x_wconf 76' lang='grc' dir='ltr'>καλ</span> <span class='ocrx_word' id='word_1_169' title='bbox 1005 2236 1044 2307; x_wconf 84' lang='grc' dir='ltr'><strong><em>τό</em></strong></span> <span class='ocrx_word' id='word_1_170' title='bbox 1060 2237 1161 2317; x_wconf 82' lang='grc' dir='ltr'><strong><em>ἀνθος</em></strong></span> <span class='ocrx_word' id='word_1_171' title='bbox 1174 2236 1297 2329; x_wconf 71' lang='grc' dir='ltr'><strong><em>φυλόπ-</em></strong></span> 
     </span>
     <span class='ocr_line' id='line_1_20' title="bbox 185 2339 1294 2435; baseline -0.002 -24"><span class='ocrx_word' id='word_1_172' title='bbox 185 2368 229 2411; x_wconf 86' lang='grc' dir='ltr'>τει</span> <span class='ocrx_word' id='word_1_173' title='bbox 237 2393 248 2424; x_wconf 93' lang='grc'><strong><em>,</em></strong></span> <span class='ocrx_word' id='word_1_174' title='bbox 275 2346 326 2410; x_wconf 82' lang='grc' dir='ltr'>καὶ</span> <span class='ocrx_word' id='word_1_175' title='bbox 348 2343 384 2409; x_wconf 88' lang='grc' dir='ltr'>ού</span> <span class='ocrx_word' id='word_1_176' title='bbox 402 2343 504 2435; x_wconf 75' lang='grc' dir='ltr'><strong><em>ῥᾷστα</em></strong></span> <span class='ocrx_word' id='word_1_177' title='bbox 523 2339 761 2430; x_wconf 80' lang='grc' dir='ltr'><strong><em>θορυβούμενον</em></strong></span> <span class='ocrx_word' id='word_1_178' title='bbox 783 2339 846 2431; x_wconf 74' lang='grc' dir='ltr'>ἀφ’</span> <span class='ocrx_word' id='word_1_179' title='bbox 862 2339 994 2428; x_wconf 77' lang='grc' dir='ltr'><strong><em>ἦλιακοῦ</em></strong></span> <span class='ocrx_word' id='word_1_180' title='bbox 1013 2367 1099 2421; x_wconf 84' lang='grc' dir='ltr'><strong><em>τινος</em></strong></span> <span class='ocrx_word' id='word_1_181' title='bbox 1117 2339 1294 2420; x_wconf 87' lang='grc' dir='ltr'><strong><em>καύσωνος·</em></strong></span> 
     </span>
    </p>
   </div>
   <div class='ocr_carea' id='block_1_5' title="bbox 185 2545 1330 2845">
    <p class='ocr_par' dir='ltr' id='par_1_6' title="bbox 185 2545 1330 2845">
     <span class='ocr_line' id='line_1_21' title="bbox 185 2545 1330 2640; baseline -0.003 -22"><span class='ocrx_word' id='word_1_182' title='bbox 185 2556 226 2640; x_wconf 80' lang='grc' dir='ltr'><strong><em>τῇ</em></strong></span> <span class='ocrx_word' id='word_1_183' title='bbox 246 2550 410 2638; x_wconf 78' lang='grc' dir='ltr'><strong><em>ἀναδρομῇ</em></strong></span> <span class='ocrx_word' id='word_1_184' title='bbox 432 2549 663 2636; x_wconf 73' lang='grc' dir='ltr'><strong><em>μαραινομένην</em></strong></span> <span class='ocrx_word' id='word_1_185' title='bbox 680 2545 722 2626; x_wconf 83' lang='grc' dir='ltr'><strong><em>ὥς</em></strong></span> <span class='ocrx_word' id='word_1_186' title='bbox 735 2549 777 2616; x_wconf 86' lang='grc' dir='ltr'><strong><em>τά</em></strong></span> <span class='ocrx_word' id='word_1_187' title='bbox 791 2549 893 2615; x_wconf 85' lang='grc' dir='ltr'><strong><em>πολλά</em></strong></span> <span class='ocrx_word' id='word_1_188' title='bbox 911 2550 970 2634; x_wconf 82' lang='grc' dir='ltr'>τὴν</span> <span class='ocrx_word' id='word_1_189' title='bbox 989 2555 1048 2636; x_wconf 78' lang='grc' dir='ltr'>τῆς</span> <span class='ocrx_word' id='word_1_190' title='bbox 1066 2549 1179 2635; x_wconf 80' lang='grc' dir='ltr'><strong><em>ἀρετῆς</em></strong></span> <span class='ocrx_word' id='word_1_191' title='bbox 1194 2549 1330 2634; x_wconf 80' lang='grc' dir='ltr'><strong><em>ἀκμὴνΙ)</em></strong></span> 
     </span>
     <span class='ocr_line' id='line_1_22' title="bbox 185 2649 1311 2740; baseline 0 -20"><span class='ocrx_word' id='word_1_192' title='bbox 185 2657 370 2720; x_wconf 83' lang='grc' dir='ltr'><strong><em>καταλείπει.</em></strong></span> <span class='ocrx_word' id='word_1_193' title='bbox 405 2649 485 2718; x_wconf 86' lang='grc' dir='ltr'><strong><em>διότι</em></strong></span> <span class='ocrx_word' id='word_1_194' title='bbox 506 2654 569 2719; x_wconf 74' lang='grc' dir='ltr'><strong><em>διιεῖ</em></strong></span> <span class='ocrx_word' id='word_1_195' title='bbox 587 2653 645 2737; x_wconf 75' lang='grc' dir='ltr'><strong><em>μὲν</em></strong></span> <span class='ocrx_word' id='word_1_196' title='bbox 668 2651 835 2740; x_wconf 82' lang='grc' dir='ltr'><strong><em>αύτοφυεῖς</em></strong></span> <span class='ocrx_word' id='word_1_197' title='bbox 857 2676 936 2729; x_wconf 87' lang='grc' dir='ltr'><strong><em>τινες</em></strong></span> <span class='ocrx_word' id='word_1_198' title='bbox 955 2655 1008 2729; x_wconf 78' lang='grc' dir='ltr'>καλ</span> <span class='ocrx_word' id='word_1_199' title='bbox 1029 2649 1221 2736; x_wconf 84' lang='grc' dir='ltr'><strong><em>αάτόχθονες</em></strong></span> <span class='ocrx_word' id='word_1_200' title='bbox 1241 2658 1311 2720; x_wconf 82' lang='grc' dir='ltr'><strong><em>τού.</em></strong></span> 
     </span>
     <span class='ocr_line' id='line_1_23' title="bbox 187 2752 1300 2845; baseline -0.003 -20"><span class='ocrx_word' id='word_1_201' title='bbox 187 2762 286 2825; x_wconf 82' lang='grc' dir='ltr'><strong><em>καλοῦ</em></strong></span> <span class='ocrx_word' id='word_1_202' title='bbox 309 2762 523 2832; x_wconf 78' lang='grc' dir='ltr'><strong><em>συνοικοῦντες</em></strong></span> <span class='ocrx_word' id='word_1_203' title='bbox 548 2753 659 2842; x_wconf 86' lang='grc' dir='ltr'><strong><em>τρόποι</em></strong></span> <span class='ocrx_word' id='word_1_204' title='bbox 682 2753 864 2843; x_wconf 90' lang='grc' dir='ltr'><strong><em>πρόδρομον</em></strong></span> <span class='ocrx_word' id='word_1_205' title='bbox 887 2752 1009 2845; x_wconf 82' lang='grc' dir='ltr'><strong><em>κήρυκα</em></strong></span> <span class='ocrx_word' id='word_1_206' title='bbox 1022 2756 1081 2842; x_wconf 78' lang='grc' dir='ltr'>την</span> <span class='ocrx_word' id='word_1_207' title='bbox 1101 2761 1158 2822; x_wconf 84' lang='grc' dir='ltr'><strong><em>τού</em></strong></span> <span class='ocrx_word' id='word_1_208' title='bbox 1180 2753 1300 2835; x_wconf 81' lang='grc' dir='ltr'><strong><em>ἀνθοος</em></strong></span> 
     </span>
    </p>
   </div>
   <div class='ocr_carea' id='block_1_6' title="bbox 186 2951 1321 4414">
    <p class='ocr_par' dir='ltr' id='par_1_7' title="bbox 186 2951 1321 4414">
     <span class='ocr_line' id='line_1_24' title="bbox 187 2951 1301 3038; baseline 0.002 -30"><span class='ocrx_word' id='word_1_209' title='bbox 187 2972 240 3026; x_wconf 88' lang='lat' dir='ltr'>que</span> <span class='ocrx_word' id='word_1_210' title='bbox 254 2953 390 3038; x_wconf 89' lang='lat' dir='ltr'>oppositos</span> <span class='ocrx_word' id='word_1_211' title='bbox 407 2951 513 3006; x_wconf 79' lang='lat' dir='ltr'>fortiter</span> <span class='ocrx_word' id='word_1_212' title='bbox 531 2951 686 3024; x_wconf 69' lang='lat' dir='ltr'><strong>depellente.</strong></span> <span class='ocrx_word' id='word_1_213' title='bbox 726 2953 848 3009; x_wconf 77' lang='lat' dir='ltr'>Tametsi</span> <span class='ocrx_word' id='word_1_214' title='bbox 867 2953 934 3008; x_wconf 83' lang='lat' dir='ltr'>eoiro</span> <span class='ocrx_word' id='word_1_215' title='bbox 948 2951 1130 3008; x_wconf 81' lang='lat' dir='ltr'>multeeuobis</span> <span class='ocrx_word' id='word_1_216' title='bbox 1141 2953 1301 3026; x_wconf 74' lang='lat' dir='ltr'>proedlses</span> 
     </span>
     <span class='ocr_line' id='line_1_25' title="bbox 187 3021 1301 3096; baseline -0.001 -18"><span class='ocrx_word' id='word_1_217' title='bbox 187 3024 349 3096; x_wconf 74' lang='lat' dir='ltr'>principebus</span> <span class='ocrx_word' id='word_1_218' title='bbox 362 3027 390 3075; x_wconf 88' lang='lat' dir='ltr'>et</span> <span class='ocrx_word' id='word_1_219' title='bbox 405 3023 439 3076; x_wconf 90' lang='lat' dir='ltr'>ab</span> <span class='ocrx_word' id='word_1_220' title='bbox 455 3022 628 3092; x_wconf 78' lang='lat' dir='ltr'>imperatore,</span> <span class='ocrx_word' id='word_1_221' title='bbox 647 3021 733 3078; x_wconf 82' lang='lat' dir='ltr'>ventis</span> <span class='ocrx_word' id='word_1_222' title='bbox 750 3023 827 3094; x_wconf 88' lang='lat' dir='ltr'>quasi</span> <span class='ocrx_word' id='word_1_223' title='bbox 845 3023 1012 3088; x_wconf 76' lang='lat' dir='ltr'>reflanttitus,</span> <span class='ocrx_word' id='word_1_224' title='bbox 1030 3022 1148 3078; x_wconf 82' lang='lat' dir='ltr'>obiectae</span> <span class='ocrx_word' id='word_1_225' title='bbox 1166 3031 1241 3087; x_wconf 88' lang='lat' dir='ltr'>sunt,</span> <span class='ocrx_word' id='word_1_226' title='bbox 1258 3029 1301 3077; x_wconf 86' lang='lat' dir='ltr'>at-</span> 
     </span>
     <span class='ocr_line' id='line_1_26' title="bbox 208 3091 1299 3163; baseline 0.002 -17"><span class='ocrx_word' id='word_1_227' title='bbox 208 3111 241 3147; x_wconf 90' lang='lat' dir='ltr'>ue</span> <span class='ocrx_word' id='word_1_228' title='bbox 252 3093 279 3146; x_wconf 91' lang='lat' dir='ltr'>iu</span> <span class='ocrx_word' id='word_1_229' title='bbox 292 3093 393 3156; x_wconf 77' lang='lat' dir='ltr'>inuitas,</span> <span class='ocrx_word' id='word_1_230' title='bbox 405 3099 437 3145; x_wconf 86' lang='lat' dir='ltr'>ot</span> <span class='ocrx_word' id='word_1_231' title='bbox 452 3092 491 3145; x_wconf 87' lang='lat' dir='ltr'>itu</span> <span class='ocrx_word' id='word_1_232' title='bbox 502 3091 595 3158; x_wconf 85' lang='lat' dir='ltr'>dicam,</span> <span class='ocrx_word' id='word_1_233' title='bbox 609 3093 765 3162; x_wconf 82' lang='lat' dir='ltr'>praedonum</span> <span class='ocrx_word' id='word_1_234' title='bbox 779 3092 888 3147; x_wconf 84' lang='lat' dir='ltr'>insidias</span> <span class='ocrx_word' id='word_1_235' title='bbox 901 3092 1069 3158; x_wconf 81' lang='lat' dir='ltr'>incurrimus,</span> <span class='ocrx_word' id='word_1_236' title='bbox 1086 3093 1299 3163; x_wconf 82' lang='lat' dir='ltr'>presbyterorum</span> 
     </span>
     <span class='ocr_line' id='line_1_27' title="bbox 187 3111 1299 3233; baseline 0 -17"><span class='ocrx_word' id='word_1_237' title='bbox 187 3111 258 3230; x_wconf 75' lang='grc' dir='ltr'><strong><em>δίου,</em></strong></span> <span class='ocrx_word' id='word_1_238' title='bbox 274 3167 303 3216; x_wconf 84' lang='lat' dir='ltr'>et</span> <span class='ocrx_word' id='word_1_239' title='bbox 317 3160 506 3232; x_wconf 70' lang='lat' dir='ltr'>episcoporum,</span> <span class='ocrx_word' id='word_1_240' title='bbox 523 3162 681 3231; x_wconf 85' lang='lat' dir='ltr'>aliorumque</span> <span class='ocrx_word' id='word_1_241' title='bbox 698 3163 823 3216; x_wconf 84' lang='lat' dir='ltr'>eiusmodi</span> <span class='ocrx_word' id='word_1_242' title='bbox 841 3163 947 3233; x_wconf 83' lang='lat' dir='ltr'>(omitto</span> <span class='ocrx_word' id='word_1_243' title='bbox 961 3162 1166 3232; x_wconf 79' lang='lat' dir='ltr'>adstrepeotious</span> <span class='ocrx_word' id='word_1_244' title='bbox 1179 3162 1299 3216; x_wconf 81' lang='lat' dir='ltr'>adulato-</span> 
     </span>
     <span class='ocr_line' id='line_1_28' title="bbox 186 3230 1298 3302; baseline -0.004 -14"><span class='ocrx_word' id='word_1_245' title='bbox 186 3249 245 3288; x_wconf 86' lang='lat' dir='ltr'>rum</span> <span class='ocrx_word' id='word_1_246' title='bbox 256 3231 391 3298; x_wconf 84' lang='lat' dir='ltr'>turbam);</span> <span class='ocrx_word' id='word_1_247' title='bbox 408 3239 502 3294; x_wconf 87' lang='lat' dir='ltr'>tumen,</span> <span class='ocrx_word' id='word_1_248' title='bbox 518 3230 575 3284; x_wconf 87' lang='lat' dir='ltr'>Deo</span> <span class='ocrx_word' id='word_1_249' title='bbox 588 3231 702 3297; x_wconf 80' lang='lat' dir='ltr'>iuvante,</span> <span class='ocrx_word' id='word_1_250' title='bbox 719 3249 753 3286; x_wconf 87' lang='lat' dir='ltr'>ex</span> <span class='ocrx_word' id='word_1_251' title='bbox 765 3233 881 3286; x_wconf 84' lang='lat' dir='ltr'>omuibus</span> <span class='ocrx_word' id='word_1_252' title='bbox 895 3231 1018 3302; x_wconf 84' lang='lat' dir='ltr'>periculis</span> <span class='ocrx_word' id='word_1_253' title='bbox 1032 3231 1190 3296; x_wconf 86' lang='lat' dir='ltr'>emersimus,</span> <span class='ocrx_word' id='word_1_254' title='bbox 1208 3237 1236 3284; x_wconf 90' lang='lat' dir='ltr'>et</span> <span class='ocrx_word' id='word_1_255' title='bbox 1249 3249 1298 3302; x_wconf 86' lang='lat' dir='ltr'>ap-</span> 
     </span>
     <span class='ocr_line' id='line_1_29' title="bbox 186 3299 1299 3374; baseline 0 -20"><span class='ocrx_word' id='word_1_256' title='bbox 186 3301 263 3374; x_wconf 84' lang='lat' dir='ltr'>pulsa</span> <span class='ocrx_word' id='word_1_257' title='bbox 275 3301 309 3354; x_wconf 88' lang='lat' dir='ltr'>ad</span> <span class='ocrx_word' id='word_1_258' title='bbox 328 3305 429 3371; x_wconf 84' lang='lat' dir='ltr'>portum</span> <span class='ocrx_word' id='word_1_259' title='bbox 446 3299 508 3352; x_wconf 82' lang='lat' dir='ltr'>navi</span> <span class='ocrx_word' id='word_1_260' title='bbox 520 3301 668 3371; x_wconf 72' lang='lat' dir='ltr'>superiores</span> <span class='ocrx_word' id='word_1_261' title='bbox 683 3300 820 3355; x_wconf 71' lang='lat' dir='ltr'>evasimus.</span> <span class='ocrx_word' id='word_1_262' title='bbox 855 3302 933 3366; x_wconf 75' lang='lat' dir='ltr'>Quod</span> <span class='ocrx_word' id='word_1_263' title='bbox 953 3302 976 3354; x_wconf 89' lang='lat' dir='ltr'>si</span> <span class='ocrx_word' id='word_1_264' title='bbox 994 3299 1151 3354; x_wconf 81' lang='lat' dir='ltr'>adversariis</span> <span class='ocrx_word' id='word_1_265' title='bbox 1169 3317 1221 3354; x_wconf 85' lang='grc' dir='ltr'><strong><em>ιιοο</em></strong></span> <span class='ocrx_word' id='word_1_266' title='bbox 1237 3317 1299 3370; x_wconf 83' lang='lat' dir='ltr'>per-</span> 
     </span>
     <span class='ocr_line' id='line_1_30' title="bbox 187 3369 1299 3441; baseline -0.003 -15"><span class='ocrx_word' id='word_1_267' title='bbox 187 3371 325 3436; x_wconf 87' lang='lat' dir='ltr'>suasimus,</span> <span class='ocrx_word' id='word_1_268' title='bbox 342 3371 382 3423; x_wconf 79' lang='lat' dir='ltr'>sle</span> <span class='ocrx_word' id='word_1_269' title='bbox 393 3375 423 3422; x_wconf 87' lang='lat' dir='ltr'>ut</span> <span class='ocrx_word' id='word_1_270' title='bbox 435 3385 536 3423; x_wconf 80' lang='lat' dir='ltr'>sensum</span> <span class='ocrx_word' id='word_1_271' title='bbox 550 3369 707 3440; x_wconf 80' lang='lat' dir='ltr'>acciperent,</span> <span class='ocrx_word' id='word_1_272' title='bbox 725 3377 753 3424; x_wconf 89' lang='lat' dir='ltr'>et</span> <span class='ocrx_word' id='word_1_273' title='bbox 766 3388 799 3425; x_wconf 86' lang='lat' dir='ltr'>ex</span> <span class='ocrx_word' id='word_1_274' title='bbox 810 3388 910 3436; x_wconf 85' lang='lat' dir='ltr'>errore,</span> <span class='ocrx_word' id='word_1_275' title='bbox 926 3377 1047 3441; x_wconf 81' lang='lat' dir='ltr'>tanquam</span> <span class='ocrx_word' id='word_1_276' title='bbox 1061 3387 1094 3422; x_wconf 85' lang='lat' dir='ltr'>ex</span> <span class='ocrx_word' id='word_1_277' title='bbox 1105 3386 1201 3440; x_wconf 80' lang='lat' dir='ltr'><strong>magna</strong></span> <span class='ocrx_word' id='word_1_278' title='bbox 1213 3369 1299 3423; x_wconf 91' lang='lat' dir='ltr'>ebrie·</span> 
     </span>
     <span class='ocr_line' id='line_1_31' title="bbox 187 3439 1299 3510; baseline -0.002 -14"><span class='ocrx_word' id='word_1_279' title='bbox 187 3447 259 3506; x_wconf 77' lang='lat' dir='ltr'>tate,</span> <span class='ocrx_word' id='word_1_280' title='bbox 279 3439 313 3494; x_wconf 82' lang='lat' dir='ltr'>ati</span> <span class='ocrx_word' id='word_1_281' title='bbox 330 3440 422 3492; x_wconf 84' lang='lat' dir='ltr'>bouem</span> <span class='ocrx_word' id='word_1_282' title='bbox 441 3440 544 3508; x_wconf 70' lang='lat' dir='ltr'>frugem</span> <span class='ocrx_word' id='word_1_283' title='bbox 565 3455 595 3493; x_wconf 91' lang='lat' dir='ltr'>se</span> <span class='ocrx_word' id='word_1_284' title='bbox 616 3439 781 3510; x_wconf 76' lang='lat' dir='ltr'>reciperent,</span> <span class='ocrx_word' id='word_1_285' title='bbox 799 3439 863 3494; x_wconf 84' lang='lat' dir='ltr'>nihii</span> <span class='ocrx_word' id='word_1_286' title='bbox 879 3441 979 3496; x_wconf 83' lang='lat' dir='ltr'>mirum.</span> <span class='ocrx_word' id='word_1_287' title='bbox 1024 3439 1131 3509; x_wconf 78' lang='lat' dir='ltr'>Quippe</span> <span class='ocrx_word' id='word_1_288' title='bbox 1152 3456 1233 3510; x_wconf 88' lang='lat' dir='ltr'>penes</span> <span class='ocrx_word' id='word_1_289' title='bbox 1251 3457 1299 3494; x_wconf 86' lang='lat' dir='ltr'>uos</span> 
     </span>
     <span class='ocr_line' id='line_1_32' title="bbox 188 3507 1299 3580; baseline 0 -17"><span class='ocrx_word' id='word_1_290' title='bbox 188 3515 230 3563; x_wconf 91' lang='lat' dir='ltr'>est</span> <span class='ocrx_word' id='word_1_291' title='bbox 246 3525 297 3562; x_wconf 87' lang='lat' dir='ltr'>non</span> <span class='ocrx_word' id='word_1_292' title='bbox 318 3507 439 3562; x_wconf 83' lang='lat' dir='ltr'>voluntas</span> <span class='ocrx_word' id='word_1_293' title='bbox 458 3507 586 3562; x_wconf 86' lang='lat' dir='ltr'>hominum</span> <span class='ocrx_word' id='word_1_294' title='bbox 608 3509 807 3575; x_wconf 82' lang='lat' dir='ltr'>dissidentium,</span> <span class='ocrx_word' id='word_1_295' title='bbox 824 3509 872 3563; x_wconf 74' lang='lat' dir='ltr'>seui</span> <span class='ocrx_word' id='word_1_296' title='bbox 892 3510 948 3564; x_wconf 90' lang='lat' dir='ltr'>eius</span> <span class='ocrx_word' id='word_1_297' title='bbox 968 3525 1035 3580; x_wconf 86' lang='lat' dir='ltr'>quae</span> <span class='ocrx_word' id='word_1_298' title='bbox 1055 3510 1112 3562; x_wconf 86' lang='lat' dir='ltr'>zeio</span> <span class='ocrx_word' id='word_1_299' title='bbox 1127 3507 1198 3563; x_wconf 87' lang='lat' dir='ltr'>inest</span> <span class='ocrx_word' id='word_1_300' title='bbox 1213 3509 1299 3563; x_wconf 86' lang='lat' dir='ltr'>laudis</span> 
     </span>
     <span class='ocr_line' id='line_1_33' title="bbox 187 3577 1299 3664; baseline 0 -32"><span class='ocrx_word' id='word_1_301' title='bbox 187 3578 300 3662; x_wconf 73' lang='lat' dir='ltr'>studipor</span> <span class='ocrx_word' id='word_1_302' title='bbox 317 3586 345 3632; x_wconf 90' lang='lat' dir='ltr'>et</span> <span class='ocrx_word' id='word_1_303' title='bbox 366 3577 503 3631; x_wconf 78' lang='lat' dir='ltr'>veritatem</span> <span class='ocrx_word' id='word_1_304' title='bbox 528 3577 668 3662; x_wconf 70' lang='lat' dir='ltr'>deieosura</span> <span class='ocrx_word' id='word_1_305' title='bbox 682 3578 782 3633; x_wconf 75' lang='lat' dir='ltr'>oratioe</span> <span class='ocrx_word' id='word_1_306' title='bbox 800 3586 909 3634; x_wconf 76' lang='lat' dir='ltr'>eventus</span> <span class='ocrx_word' id='word_1_307' title='bbox 920 3585 1053 3664; x_wconf 68' lang='lat' dir='ltr'>sumet</span> <span class='ocrx_word' id='word_1_308' title='bbox 1064 3577 1163 3662; x_wconf 76' lang='lat' dir='ltr'>iudipio</span> <span class='ocrx_word' id='word_1_309' title='bbox 1175 3585 1204 3632; x_wconf 90' lang='lat' dir='ltr'>et</span> <span class='ocrx_word' id='word_1_310' title='bbox 1221 3593 1299 3632; x_wconf 86' lang='lat' dir='ltr'><strong>manu</strong></span> 
     </span>
     <span class='ocr_line' id='line_1_34' title="bbox 187 3647 1301 3789; baseline -0.001 -18"><span class='ocrx_word' id='word_1_311' title='bbox 187 3647 771 3784; x_wconf 56' lang='grc' dir='ltr'>,λὛέἶέίέἒὲίίἓλῗάῗδῗὲδλλῗῗόε</span> <span class='ocrx_word' id='word_1_312' title='bbox 782 3647 904 3789; x_wconf 62' lang='lat' dir='ltr'>itu:</span> <span class='ocrx_word' id='word_1_313' title='bbox 918 3649 1301 3782; x_wconf 61' lang='lat' dir='ltr'>{tutttettl&#39;ttt&#39;tt</span> 
     </span>
     <span class='ocr_line' id='line_1_35' title="bbox 189 3784 1300 3858; baseline 0 -18"><span class='ocrx_word' id='word_1_314' title='bbox 189 3784 374 3856; x_wconf 86' lang='lat' dir='ltr'>quodammodo</span> <span class='ocrx_word' id='word_1_315' title='bbox 389 3786 516 3849; x_wconf 82' lang='lat' dir='ltr'>evaserit,</span> <span class='ocrx_word' id='word_1_316' title='bbox 536 3791 564 3838; x_wconf 89' lang='lat' dir='ltr'>st</span> <span class='ocrx_word' id='word_1_317' title='bbox 578 3785 612 3838; x_wconf 85' lang='lat' dir='ltr'>ad</span> <span class='ocrx_word' id='word_1_318' title='bbox 623 3785 713 3839; x_wconf 87' lang='lat' dir='ltr'>melius</span> <span class='ocrx_word' id='word_1_319' title='bbox 724 3785 874 3841; x_wconf 86' lang='lat' dir='ltr'>institutum</span> <span class='ocrx_word' id='word_1_320' title='bbox 887 3795 1041 3843; x_wconf 63' lang='lat' dir='ltr'>convenae</span> <span class='ocrx_word' id='word_1_321' title='bbox 1055 3805 1086 3840; x_wconf 87' lang='lat' dir='ltr'>se</span> <span class='ocrx_word' id='word_1_322' title='bbox 1099 3789 1300 3858; x_wconf 72' lang='lat' dir='ltr'><strong>haudquaquam</strong></span> 
     </span>
     <span class='ocr_line' id='line_1_36' title="bbox 188 3855 1300 3938; baseline 0.001 -30"><span class='ocrx_word' id='word_1_323' title='bbox 188 3860 272 3908; x_wconf 86' lang='lat' dir='ltr'>earet.</span> <span class='ocrx_word' id='word_1_324' title='bbox 307 3855 403 3925; x_wconf 81' lang='lat' dir='ltr'>Neque</span> <span class='ocrx_word' id='word_1_325' title='bbox 421 3855 566 3938; x_wconf 31' lang='lat' dir='ltr'>enimueuro</span> <span class='ocrx_word' id='word_1_326' title='bbox 584 3855 724 3926; x_wconf 83' lang='lat' dir='ltr'>aequitatis</span> <span class='ocrx_word' id='word_1_327' title='bbox 744 3855 812 3910; x_wconf 86' lang='lat' dir='ltr'>ratio</span> <span class='ocrx_word' id='word_1_328' title='bbox 833 3859 985 3928; x_wconf 85' lang='lat' dir='ltr'>explorata,</span> <span class='ocrx_word' id='word_1_329' title='bbox 1003 3862 1051 3911; x_wconf 87' lang='lat' dir='ltr'>aut</span> <span class='ocrx_word' id='word_1_330' title='bbox 1067 3855 1153 3926; x_wconf 86' lang='lat' dir='ltr'>eliqua</span> <span class='ocrx_word' id='word_1_331' title='bbox 1174 3856 1300 3917; x_wconf 77' lang='lat' dir='ltr'>scientiae</span> 
     </span>
     <span class='ocr_line' id='line_1_37' title="bbox 188 3923 1302 4059; baseline -0.002 -11"><span class='ocrx_word' id='word_1_332' title='bbox 188 3923 301 4059; x_wconf 66' lang='lat' dir='ltr'>titt:</span> <span class='ocrx_word' id='word_1_333' title='bbox 311 3923 1302 4058; x_wconf 47' lang='lat' dir='ltr'>&#39;titttattttttuttttitffltttttusstttttttttt</span> 
     </span>
     <span class='ocr_line' id='line_1_38' title="bbox 189 4061 1302 4128; baseline 0.002 -14"><span class='ocrx_word' id='word_1_334' title='bbox 189 4061 257 4116; x_wconf 78' lang='lat' dir='ltr'>boot</span> <span class='ocrx_word' id='word_1_335' title='bbox 271 4070 301 4117; x_wconf 88' lang='lat' dir='ltr'>et</span> <span class='ocrx_word' id='word_1_336' title='bbox 314 4061 414 4128; x_wconf 84' lang='lat' dir='ltr'>solide,</span> <span class='ocrx_word' id='word_1_337' title='bbox 433 4077 521 4115; x_wconf 83' lang='lat' dir='ltr'>eorum</span> <span class='ocrx_word' id='word_1_338' title='bbox 533 4061 584 4115; x_wconf 81' lang='lat' dir='ltr'>flos</span> <span class='ocrx_word' id='word_1_339' title='bbox 598 4063 758 4128; x_wconf 77' lang='lat' dir='ltr'>diuturnior,</span> <span class='ocrx_word' id='word_1_340' title='bbox 777 4065 871 4118; x_wconf 82' lang='lat' dir='ltr'>aestivi</span> <span class='ocrx_word' id='word_1_341' title='bbox 885 4067 949 4119; x_wconf 88' lang='lat' dir='ltr'>solis</span> <span class='ocrx_word' id='word_1_342' title='bbox 962 4065 1057 4120; x_wconf 83' lang='lat' dir='ltr'>ardore</span> <span class='ocrx_word' id='word_1_343' title='bbox 1074 4064 1141 4118; x_wconf 85' lang='lat' dir='ltr'><strong>haud</strong></span> <span class='ocrx_word' id='word_1_344' title='bbox 1160 4063 1239 4117; x_wconf 84' lang='lat' dir='ltr'>isoiie</span> <span class='ocrx_word' id='word_1_345' title='bbox 1259 4064 1302 4116; x_wconf 83' lang='lat' dir='ltr'>ai-</span> 
     </span>
     <span class='ocr_line' id='line_1_39' title="bbox 189 4131 1303 4203; baseline -0.001 -19"><span class='ocrx_word' id='word_1_346' title='bbox 189 4131 299 4201; x_wconf 80' lang='lat' dir='ltr'>ssigitur.</span> <span class='ocrx_word' id='word_1_347' title='bbox 335 4131 411 4196; x_wconf 78' lang='lat' dir='ltr'>Quae</span> <span class='ocrx_word' id='word_1_348' title='bbox 429 4139 516 4186; x_wconf 78' lang='lat' dir='ltr'>autem</span> <span class='ocrx_word' id='word_1_349' title='bbox 537 4131 663 4186; x_wconf 85' lang='lat' dir='ltr'>infirmum</span> <span class='ocrx_word' id='word_1_350' title='bbox 682 4140 710 4186; x_wconf 92' lang='lat' dir='ltr'>et</span> <span class='ocrx_word' id='word_1_351' title='bbox 727 4135 810 4186; x_wconf 88' lang='lat' dir='ltr'>minus</span> <span class='ocrx_word' id='word_1_352' title='bbox 828 4151 981 4203; x_wconf 83' lang='lat' dir='ltr'>generosam</span> <span class='ocrx_word' id='word_1_353' title='bbox 994 4135 1091 4188; x_wconf 85' lang='lat' dir='ltr'>habent</span> <span class='ocrx_word' id='word_1_354' title='bbox 1105 4133 1207 4203; x_wconf 78' lang='lat' dir='ltr'>pulchri</span> <span class='ocrx_word' id='word_1_355' title='bbox 1225 4132 1303 4184; x_wconf 84' lang='lat' dir='ltr'>boui-</span> 
     </span>
     <span class='ocr_line' id='line_1_40' title="bbox 189 4200 1304 4273; baseline -0.001 -19"><span class='ocrx_word' id='word_1_356' title='bbox 189 4217 241 4270; x_wconf 91' lang='lat' dir='ltr'>que</span> <span class='ocrx_word' id='word_1_357' title='bbox 254 4201 392 4270; x_wconf 81' lang='lat' dir='ltr'>originem,</span> <span class='ocrx_word' id='word_1_358' title='bbox 410 4218 442 4255; x_wconf 84' lang='lat' dir='ltr'>es</span> <span class='ocrx_word' id='word_1_359' title='bbox 455 4201 607 4271; x_wconf 86' lang='lat' dir='ltr'>plerumque</span> <span class='ocrx_word' id='word_1_360' title='bbox 624 4204 650 4255; x_wconf 89' lang='lat' dir='ltr'>in</span> <span class='ocrx_word' id='word_1_361' title='bbox 667 4202 750 4256; x_wconf 88' lang='lat' dir='ltr'>medio</span> <span class='ocrx_word' id='word_1_362' title='bbox 764 4220 903 4273; x_wconf 84' lang='lat' dir='ltr'>progressu</span> <span class='ocrx_word' id='word_1_363' title='bbox 918 4210 1117 4258; x_wconf 84' lang='lat' dir='ltr'>marcesoeotem</span> <span class='ocrx_word' id='word_1_364' title='bbox 1133 4200 1243 4255; x_wconf 71' lang='lat' dir='ltr'>virtutis</span> <span class='ocrx_word' id='word_1_365' title='bbox 1254 4201 1304 4254; x_wconf 84' lang='lat' dir='ltr'>iio·</span> 
     </span>
     <span class='ocr_line' id='line_1_41' title="bbox 189 4269 1321 4344; baseline 0 -20"><span class='ocrx_word' id='word_1_366' title='bbox 189 4284 243 4324; x_wconf 87' lang='lat' dir='ltr'>rem</span> <span class='ocrx_word' id='word_1_367' title='bbox 261 4271 393 4324; x_wconf 82' lang='lat' dir='ltr'>deserunt.</span> <span class='ocrx_word' id='word_1_368' title='bbox 421 4271 520 4340; x_wconf 85' lang='lat' dir='ltr'>&#39;ltaque</span> <span class='ocrx_word' id='word_1_369' title='bbox 533 4270 579 4324; x_wconf 87' lang='lat' dir='ltr'>iila</span> <span class='ocrx_word' id='word_1_370' title='bbox 592 4271 695 4339; x_wconf 79' lang='lat' dir='ltr'>qtsrdero</span> <span class='ocrx_word' id='word_1_371' title='bbox 709 4269 837 4342; x_wconf 83' lang='lat' dir='ltr'>ingenuae</span> <span class='ocrx_word' id='word_1_372' title='bbox 854 4281 883 4326; x_wconf 89' lang='lat' dir='ltr'>et</span> <span class='ocrx_word' id='word_1_373' title='bbox 895 4274 1026 4344; x_wconf 83' lang='lat' dir='ltr'>indigetes</span> <span class='ocrx_word' id='word_1_374' title='bbox 1039 4272 1115 4342; x_wconf 83' lang='lat' dir='ltr'>quasi</span> <span class='ocrx_word' id='word_1_375' title='bbox 1127 4272 1240 4326; x_wconf 82' lang='lat' dir='ltr'>virtutes</span> <span class='ocrx_word' id='word_1_376' title='bbox 1259 4287 1304 4324; x_wconf 91' lang='lat' dir='ltr'>so·</span> <span class='ocrx_word' id='word_1_377' title='bbox 1319 4274 1321 4280; x_wconf 83' lang='grc'><em>’</em></span> 
     </span>
     <span class='ocr_line' id='line_1_42' title="bbox 191 4339 1304 4414; baseline 0.002 -20"><span class='ocrx_word' id='word_1_378' title='bbox 191 4341 247 4394; x_wconf 81' lang='lat' dir='ltr'>etas</span> <span class='ocrx_word' id='word_1_379' title='bbox 261 4341 377 4405; x_wconf 77' lang='lat' dir='ltr'>habeut,</span> <span class='ocrx_word' id='word_1_380' title='bbox 394 4355 462 4412; x_wconf 81' lang='lat' dir='ltr'>quae</span> <span class='ocrx_word' id='word_1_381' title='bbox 474 4339 639 4395; x_wconf 83' lang='lat' dir='ltr'>evidentibus</span> <span class='ocrx_word' id='word_1_382' title='bbox 655 4341 800 4414; x_wconf 85' lang='lat' dir='ltr'>praesagiis</span> <span class='ocrx_word' id='word_1_383' title='bbox 813 4343 936 4398; x_wconf 82' lang='lat' dir='ltr'>latentem</span> <span class='ocrx_word' id='word_1_384' title='bbox 954 4341 1155 4413; x_wconf 76' lang='lat' dir='ltr'>generositatem</span> <span class='ocrx_word' id='word_1_385' title='bbox 1167 4339 1304 4396; x_wconf 78' lang='lat' dir='ltr'>declaren-</span> 
     </span>
    </p>
   </div>
   <div class='ocr_carea' id='block_1_7' title="bbox 0 0 1548 4792">
    <p class='ocr_par' dir='ltr' id='par_1_8' title="bbox 0 0 1548 4792">
     <span class='ocr_line' id='line_1_43' title="bbox 0 0 1548 4792; baseline 0 0"><span class='ocrx_word' id='word_1_386' title='bbox 0 0 1548 4792; x_wconf 95' lang='lat' dir='ltr'> </span> 
     </span>
    </p>
   </div>
  </div>
 </body>
</html>
