3067 4792
276 235 379 312 1254
673 247 1033 318 ANNOTATIONES.

272 401 509 468 misericordium
531 397 707 467 consecutos
726 401 779 465 sed
800 421 943 489 quantum
968 431 984 469 e
1003 407 1137 490 peccatis
1158 433 1301 492 emergere
1321 427 1430 492 potest,

274 505 391 551 tontum
420 491 510 550 etism
535 489 725 572 progreditur
753 489 797 550 od
822 489 951 568 luctum,
983 507 1010 552 et
1031 515 1089 575 pro
1115 498 1163 555 sui
1184 493 1283 558 luctus
1304 495 1430 556 modulo

274 572 496 638 misericordiae
519 572 752 636 consolationem
778 575 906 654 obtinet3
937 580 981 636 ito
1002 593 1034 638 ut
1054 581 1082 638 si
1101 577 1159 640 ltoo
1180 583 1212 641 in
1232 595 1313 642 statu
1326 582 1431 666 fuerit

274 659 426 722 humiliter
452 662 626 733 immorata,
655 681 755 721 omnes
782 663 902 722 onimoe
924 663 1051 746 affectus
1077 681 1244 727 commutet.
1290 667 1428 740 Cretera,

276 765 354 826 quse
372 745 510 826 proxime
527 745 771 824 subsequuntur,
797 748 929 808 eiusdem
953 750 1121 828 argumenti
1137 747 1290 828 κεφδίατο
1308 753 1427 812 omitto.
1465 755 1480 790 ⁸

274 832 424 892 Aestimet
438 831 533 890 lector
548 829 582 892 ίκ
593 835 649 893 τοῦ
664 829 835 912 κραοττίδοα
851 829 884 895 sd
900 829 1038 912 ὕφασμα.
1080 855 1199 897 sorvis.

363 921 436 998 Pog·
458 920 532 989 557,
555 922 608 982 22.
644 908 736 982 'fflev
760 916 784 1000 'l
808 919 999 1002 προθεσμία]
1028 920 1107 981 Ιαοίἰ
1132 922 1196 982 dies
1217 921 1273 984 XI.
1291 931 1331 984 ut
1353 941 1428 980 mox

275 1003 483 1064 ostendemus.
524 1019 640 1063 sorsin.

187 1165 190 1168 ᾗ
363 1092 434 1168 Pog.
457 1087 530 1163 659,
550 1091 581 1152 9.
619 1081 765 1162 Ἑταίρας
782 1109 816 1168 ηε
836 1082 899 1168 μην
928 1083 1051 1168 lotione,
1072 1085 1107 1153 τδ
1127 1089 1260 1172 θέατρον
1284 1083 1427 1153 διελύετο.

273 1172 327 1238 sul
340 1171 358 1236 δ
371 1172 427 1252 μὲν
440 1167 584 1255 Βαρίαοίμ
604 1176 678 1245 etc]
704 1170 856 1232 Caeterum
876 1173 930 1234 rub
954 1195 1102 1254 uesperam
1123 1173 1326 1258 spectaculum
1348 1171 1429 1236 illud

274 1255 443 1320 obuolutum
466 1272 517 1319 est.
559 1257 612 1318 Ac
630 1253 810 1316 Borluomus
826 1255 944 1339 quidem
969 1271 1028 1321 eto.
1072 1261 1118 1319 lto
1138 1263 1333 1336 vertendum
1355 1281 1427 1333 non,

275 1354 311 1404 ut
325 1345 463 1404 vertebat
479 1343 621 1404 wolfius:
646 1337 797 1402 Caeterum
813 1339 867 1401 sub
883 1367 1032 1424 uesperum
1046 1345 1216 1426 spectaculo
1230 1345 1286 1406 illo
1300 1343 1427 1405 obsolu-

274 1443 322 1502 το,
344 1425 528 1489 Borloomus
543 1429 737 1510 ignominiam
760 1423 848 1484 illum
869 1429 1172 1513 gravissimeserens,
1190 1429 1289 1511 plenis
1306 1429 1379 1490 uelis
1394 1433 1426 1488 in

274 1510 399 1574 Italiam
420 1513 495 1573 obiit
502 1537 513 1589 ,-
536 1524 663 1592 qu'orum
680 1509 841 1570 verborum
861 1511 910 1572 bic
928 1514 1051 1572 videtur
1069 1535 1132 1574 esse
1147 1535 1269 1590 sensus,
1291 1513 1427 1574 Borloo-

274 1621 355 1658 mum
367 1620 402 1657 eo
413 1601 480 1680 ipso
493 1595 551 1668 die,
573 1618 633 1678 quo
650 1592 815 1656 Concilium
834 1594 967 1656 ltobitum
984 1601 1034 1672 sit,
1056 1597 1153 1682 plenis
1165 1597 1237 1659 celis
1255 1603 1288 1658 in
1301 1597 1425 1659 ltoliom

274 1683 399 1759 obiisse,
421 1683 454 1742 id
470 1683 553 1762 quod
563 1691 605 1740 'ut
619 1681 785 1740 absurdum
801 1683 840 1740 itu
858 1684 947 1740 etism
967 1685 1075 1744 salsum
1091 1694 1145 1745 est.
1176 1687 1298 1744 Constat
1311 1688 1426 1764 quippe

274 1769 462 1828 Berisamum
479 1787 519 1827 ex
540 1787 576 1826 eo
596 1765 783 1845 aliquamdiu
802 1767 938 1846 Byzantii
958 1769 1145 1844 substitisse,
1168 1773 1276 1830 necin
1296 1769 1425 1849 patrium

273 1873 429 1914 reversum
442 1873 524 1927 esse,
546 1852 604 1911 nisi
621 1861 692 1932 post
708 1851 824 1910 obitum
848 1853 1013 1914 Andronici
1031 1855 1168 1914 iunioris.
1213 1854 1290 1915 vids
1311 1855 1426 1913 Cmtu-

274 1959 343 2000 cuz.
355 1938 407 1998 lib.
423 1939 461 1998 ΙΙ.
477 1958 543 2018 cup.
556 1939 621 1998 XL.
635 1955 701 2017 pag.
717 1940 791 2003 336.
833 1956 948 1998 sorvis.

362 2029 436 2106 Pog.
460 2027 534 2098 559,
558 2027 607 2087 16.
640 2020 758 2084 ”Elone
783 2025 822 2107 τῇ
843 2019 1004 2106 ὑστεραίᾳ]
1038 2021 1186 2082 Postridie
1216 2023 1335 2082 scilicet
1362 2025 1425 2084 eius

274 2107 353 2180 diei,
386 2103 448 2188 (juo
471 2107 636 2168 Concilium
657 2104 795 2166 hobitum
817 2107 925 2168 suerat.
968 2109 1073 2187 ltaque
1098 2110 1266 2168 Concilium
1288 2108 1424 2168 hobitum

273 2204 320 2254 est
333 2195 382 2252 dis
396 2193 474 2254 Iunii
490 2193 542 2252 Xl.
584 2191 659 2251 Nam
675 2191 751 2250 obiit
765 2193 929 2272 imperator
943 2191 992 2252 die
1007 2193 1084 2252 lunii
1098 2195 1163 2254 XV.
1179 2214 1248 2253 curn
1264 2194 1330 2253 dies
1347 2217 1423 2274 qus-

272 2289 344 2340 tuor
358 2281 518 2340 continuos
532 2297 620 2356 seges
636 2276 848 2352 decubuisset,
870 2279 1015 2337 utstatim
1035 2284 1219 2340 ostendetur.
1261 2299 1381 2344 sorsin.

361 2368 433 2445 Peg.
455 2366 529 2438 560,
553 2371 584 2429 1.
624 2355 692 2424 Ἐττί
704 2365 808 2442 τρίτην
820 2357 908 2444 ἐγγύς
922 2385 983 2425 που
998 2361 1136 2444 ἡμέραν]
1159 2365 1329 2444 Imperator
1349 2367 1422 2426 duo-

272 2447 331 2509 bus
344 2449 449 2510 diebus
465 2448 549 2527 gtuvi
566 2467 677 2528 sopore
691 2467 871 2527 oppressus,
897 2449 986 2507 tertio
1002 2451 1150 2508 excitatns
1169 2462 1239 2510 ests
1261 2459 1326 2510 tum
1343 2454 1420 2512 idem

271 2536 364 2616 paulo
379 2544 448 2615 post
463 2535 494 2594 io
508 2555 646 2614 soporem
667 2533 822 2612 relspsns,
845 2532 882 2591 ud
900 2533 1022 2594 tertium
1040 2535 1103 2594 sere
1121 2535 1201 2594 diem
1218 2535 1320 2598 iacuit
1365 2539 1421 2597 lta·

273 2641 332 2700 que
346 2620 411 2680 dies
421 2621 526 2682 sultem
541 2630 672 2700 quatuor
687 2620 848 2678 continuos
865 2617 1018 2680 decubuit.
1061 2619 1287 2680 Cantocuzenus
1301 2623 1421 2700 quntri-

273 2708 335 2766 duo
358 2707 486 2766 iscuisso
506 2723 574 2765 eum
593 2706 626 2764 in
650 2703 731 2764 lecto
752 2703 911 2782 significet.
954 2705 996 2762 At
1021 2706 1189 2781 Fontanus,
1217 2703 1420 2768 Cuntucuzeni

271 2793 433 2872 interpres,
456 2800 632 2870 exquutuor
642 2789 749 2850 diebus
764 2798 879 2869 septem
888 2788 997 2851 effecit.
1019 2792 1094 2851 Num
1110 2792 1419 2854 cumuCuntscuzeuo

270 2877 424 2957 δοτεραία,
446 2875 578 2956 δευτέρα,
598 2876 699 2954 τρίτη,
719 2871 845 2954 τετάρτη
859 2874 976 2955 positae
990 2877 1106 2952 forent,
1129 2888 1219 2956 atque
1236 2880 1418 2958 sicquidem

272 2962 336 3022 suis
350 2959 705 3041 quoequesymptomutis
720 2959 896 3037 distinctue3
920 2960 986 3040 ipse
1000 2983 1063 3020 esm
1074 2982 1152 3041 quoe
1166 2963 1283 3022 Gruece
1297 2965 1418 3046 δευτέρα

272 3058 369 3122 esset,
390 3049 508 3108 tertium
521 3046 660 3121 vocavit3
683 3066 758 3125 quse
776 3048 877 3125 τρίτη,
900 3047 1015 3105 tertiam
1031 3067 1051 3104 o
1073 3049 1169 3122 tertio,
1194 3045 1227 3105 id
1243 3057 1288 3107 est
1301 3065 1416 3110 sextum
1505 3087 1506 3128 t

269 3131 391 3215 posuit:
414 3131 545 3210 deniquo
573 3125 618 3215 (iu
642 3129 701 3190 fine
721 3131 844 3210 cupitis)
868 3150 932 3188 eom
954 3129 1052 3207 diens,
1077 3152 1155 3210 quse
1175 3153 1191 3190 a
1212 3131 1416 3194 Contocuzeno
1505 3143 1506 3163 ¹

270 3214 395 3298 τετάρτη
413 3216 585 3291 diceretur,
615 3235 676 3274 non
696 3231 834 3298 quortom
857 3215 1071 3295 interpretatus
1091 3226 1156 3293 est,
1190 3217 1242 3276 sod
1271 3215 1417 3280 Mercurii

271 3301 370 3382 δίκαις
390 3324 447 3364 nec
461 3302 609 3377 sdvertit,
633 3300 713 3360 diem
727 3301 805 3359 lunii
818 3301 885 3364 XV.
900 3321 979 3360 enno
994 3301 1099 3362 Mundi
1114 3303 1165 3365 Vl.
1176 3301 1414 3364 MttcccxttX.

271 3387 384 3448 Christi
395 3387 574 3448 MCCCXLl.
588 3405 650 3446 non
663 3385 806 3446 incidisse
825 3387 857 3446 iu
877 3387 982 3446 seriem
1003 3397 1157 3465 quartum,
1179 3407 1257 3467 quus
1274 3399 1320 3450 est
1338 3391 1416 3450 Mer.

271 3475 348 3534 curii
359 3469 438 3552 dies,
460 3475 513 3534 sed
526 3475 557 3533 io
575 3473 681 3534 forium
696 3479 829 3544 textum,
851 3492 927 3550 quse
943 3481 989 3532 est
1004 3471 1135 3533 Veneris.
1176 3493 1292 3540 sownt.

356 3583 432 3661 Pag.
454 3581 528 3653 560,
549 3581 580 3645 3.
625 3575 712 3642 Korn?
726 3574 761 3642 τδ
780 3557 887 3659 {isi-rste]
910 3575 1020 3640 Christi
1040 3579 1133 3646 1341.
1176 3599 1311 3640 cucuso.

355 3663 433 3746 Pog.
455 3663 528 3740 560,
549 3665 581 3731 5.
615 3663 659 3728 Tol
680 3669 735 3745 τῆς
757 3659 993 3746 αὐτοκρατορίας
1014 3663 1083 3745 ἔτη]
1113 3665 1212 3744 Haec,
1244 3685 1321 3747 quus
1344 3687 1413 3726 osn-

270 3747 356 3810 oellis
379 3750 491 3826 incluse
517 3760 603 3826 sunt,
633 3771 702 3810 cum
726 3748 853 3808 Wolfius
881 3769 940 3810 non
955 3750 1121 3811 invenisset
1147 3751 1179 3810 in
1207 3769 1263 3811 suo
1291 3751 1412 3823 Codice,

270 3855 362 3896 sonos
376 3835 496 3915 imperii
508 3836 616 3913 viginti
632 3833 791 3913 assignavit
808 3833 981 3894 Andronico
997 3836 1116 3895 iuniori.
1160 3836 1260 3916 Atque
1277 3833 1351 3896 hinc
1372 3839 1411 3896 ss·
1503 3845 1504 3864 ¹

269 3931 351 3982 ctum
369 3931 463 4002 puto,
484 3920 564 3982 utin
577 3922 643 4002 ipsu
658 3919 786 3980 huiusce
804 3917 954 3981 Historiae
974 3920 1169 4002 inscriptione
1187 3920 1267 3981 idem
1287 3921 1410 3982 Wolfius

268 4027 414 4066 summum
435 4027 582 4066 sonorum
603 4004 807 4088 ampliuvsuit,
829 4008 1092 4087 numeraveritquo
1115 4027 1207 4068 sunus
1224 4007 1340 4070 CXLV.
1356 4028 1410 4090 pro

269 4092 499 4155 cxxxvt1.ut
513 4113 603 4174 supro
617 4091 825 4152 snrtotsvimus
838 4091 878 4151 sd
893 4093 973 4152 titul.
987 4093 1058 4153 libri
1079 4093 1179 4174 primi.
1220 4113 1335 4154 norum.

357 4181 431 4259 rag.
454 4179 526 4252 560,
549 4183 578 4244 6.
611 4175 688 4260 Ἐτη
708 4177 890 4240 δυοκαίδεκα
913 4170 974 4257 ἦν]
995 4179 1091 4238 -lmmo
1113 4181 1187 4239 unni
1207 4177 1364 4257 tredecim,
1384 4193 1410 4239 et

268 4257 332 4324 dies
347 4259 549 4344 vigintiduo.
593 4263 670 4326 Num
694 4261 885 4326 Andronicus
907 4263 1007 4325 iunior
1025 4263 1112 4327 Urbis
1130 4265 1245 4346 potitus
1262 4275 1308 4327 est
1332 4285 1406 4326 nuno
1502 4337 1503 4387 ρ

161 4636 313 4720 Δ
