3067 4792
401 318 638 392 HISTORIAE
658 319 939 392 BYZANTINAE
958 317 1034 394 XX.
1055 324 1099 394 4:
1218 311 1296 388 075

176 483 330 576 κεφάλαια
343 490 374 575 γ,
399 479 429 568 d,
456 491 486 568 ἓ,
508 484 540 566 ς’,
570 485 687 571 πολλὴν
701 493 768 561 τοῖς
783 484 908 572 ῥηθεῖσι
922 480 1116 566 διασύζοιτα
1129 485 1188 572 τὴν
1201 509 1283 571 συμ·
1301 498 1328 549 Δ.
1342 497 1450 554 (21851

176 594 306 680 φωνίαν.
360 589 418 680 (Ι.)
444 593 485 656 Er
508 583 563 656 ούν
579 587 659 674 μήτε
678 597 930 676 προεπινοεῖσθαι
943 587 1022 676 μήτε
1036 569 1451 691 συνεπινοεῖσθαιῐωζέξῖῗ

175 701 216 783 τῇ
230 697 304 788 θείη
318 691 454 762 δύναταί
464 715 494 760 τε
511 694 613 781 ἕτερον
627 693 719 784 ούσίρ
725 742 736 774 ,
763 698 831 770 πῶς
844 694 949 780 ἕτερον
966 694 1017 758 καλ
1031 690 1185 783 διάφορον
1205 687 1314 763 odone

175 798 258 866 κατὰ
278 797 335 866 ‘cdv
348 803 510 881 Παλαμᾶν
532 794 553 882 ἦ
573 797 704 883 ἐνέργεια
726 791 842 881 θεύτης
859 795 1003 874 ἅκτιστος
1021 795 1059 862 διν
1075 797 1141 884 εἴη,
1168 800 1288 878 παντὸς

155 905 233 970 soon
253 901 334 985 μετὰ
355 901 414 988 τὴν
437 900 546 968 ούσίαν
564 901 678 984 ἐκείνην
699 902 995 985 συναριθμουμένσα
1016 909 1082 977 τοῖς
1100 904 1285 988 κτίσμασινς

252 1002 292 1073 δ’.
313 997 383 1072 Ὀτι
407 1006 442 1072 δὲ
460 1005 520 1088 μὲ,
548 1007 599 1070 καί
620 1005 714 1070 πλείω
738 1001 1000 1090 προθυμούμενον
1020 1005 1133 1091 λέγειν,
1169 1003 1313 1090 ἥκισταυ

173 1103 370 1196 συνεχώρουν
399 1109 433 1174 oi
460 1104 607 1193 συνήθεις
625 1115 683 1192 τῆς
707 1114 845 1194 κεφαλῆς
872 1104 1039 1196 ἀλγηδόνες
1072 1105 1113 1198 (ἦ
1136 1108 1197 1196 γιλρ
1221 1116 1285 1176 τῶν

175 1211 359 1299 σπλάγχνων
379 1207 550 1299 δριμύτης,
580 1208 677 1296 αύξην
698 1214 842 1298 εἰληφυῖα
858 1211 983 1300 μακρὰν
997 1213 1031 1277 ἐκ
1045 1218 1109 1278 τῶν
1130 1218 1285 1298 λογισμῶν

175 1313 303 1401 tyrium
321 1317 460 1397 ἐκείνων,
485 1315 536 1380 καί
554 1311 621 1398 ἅμα
640 1321 697 1382 τοῦ
713 1321 771 1398 τῆς
790 1311 876 1402 ὥρας
890 1312 1065 1399 καύματος,
1088 1318 1140 1381 καὶ
1155 1313 1235 1403 πρός
1252 1341 1286 1404 γε

134 1425 234 1504 toric
255 1422 445 1508 πανημερίου
468 1420 629 1503 νηστείας,
653 1420 704 1483 καὶ
724 1417 838 1484 ἄκοντα
852 1415 939 1502 μάλα
958 1415 1093 1484 σννιύθει
1113 1425 1220 1510 σιγᾷν·
1248 1421 1288 1488 ού

174 1523 236 1610 γὰρ
258 1524 291 1600 ἐξ
308 1521 442 1590 ἑωθινοῦ
465 1531 535 1598 ταῖς
558 1527 783 1608 Συβαριτικαῒς
801 1523 927 1598 ἐκείναις
943 1522 1107 1607 τραπέζαις
1127 1525 1179 1588 καί
1198 1520 1287 1607 ἡμεῖς

176 1625 256 1692 κατὰ
271 1625 348 1703 τούς
367 1627 583 1708 παλαμναίους
599 1623 853 1709 ἐνησχολήμεθα,
882 1623 956 1691 οὐδ’
974 1624 1034 1691 ὅσα
1053 1621 1212 1692 Διονύσου
1227 1637 1313 1693 sss-It
1404 1688 1408 1696 .

175 1727 369 1817 ριχορεύουσι
382 1731 492 1795 θίασοι
501 1727 665 1814 διατριβὴν
676 1729 819 1814 παρέχειν
832 1724 1019 1814 ἐγνώκειμεν,
1037 1727 1290 1813 ἀλλδπαννύχιοί
1317 1767 1320 1770 ·

173 1857 210 1898 τε
231 1835 283 1900 καλ
302 1832 484 1920 πανημέριοι
507 1833 670 1920 φροντίδες
697 1833 748 1896 καὶ
774 1833 871 1898 θείων
900 1829 1139 1899 κινδυνευόντων
1160 1833 1286 1916 μελέται

134 1945 167 2000 15
175 1933 341 2021 δογμάτων
363 1935 420 2020 τὴν
441 1932 531 2020 ἡμῶν
554 1931 752 2020 δπησχύλοαν
765 1931 837 2000 τότε
849 1932 970 2021 ψυχήν)
992 1934 1041 2001 διδ
1057 1937 1108 2001 καί
1121 1935 1177 2002 τδν
1192 1933 1286 2020 λόγον

175 2039 208 2106 ui
227 2039 284 2105 σύν
305 2040 375 2122 ἐμοὶ
394 2035 524 2125 λογάδες
546 2036 657 2126 ἄνδρες
679 2039 788 2104 ἐκεῖνοι
810 2035 1039 2122 διαδεξάμενοι,
1075 2029 1119 2105 ὧν
1138 2039 1195 2106 τὸν
1213 2040 1285 2122 βίον

174 2139 318 2230 ἐ’φθημεν
340 2139 494 2227 είρηκότες
511 2141 623 2228 ἀρετὴν
641 2139 721 2226 δμοῦ
741 2143 795 2207 καὶ
815 2143 931 2229 σοφίαν
949 2151 1094 2224 κοσμεῖν,
1123 2140 1237 2229 ίίριστύ
1251 2169 1285 2210 τε
1302 2163 1334 2220 Ρ,
1346 2163 1400 2223 613

173 2247 227 2312 καί
247 2242 422 2312 τελεώτατα
444 2246 679 2330 διειλέχθησαν,
703 2248 755 2311 καί
778 2241 865 2329 μάλα
885 2247 1028 2330 γενναίαν
1049 2245 1106 2328 τὴν
1128 2243 1207 2334 ύπέρ
1228 2253 1287 2332 τῆς

174 2347 326 2433 δληθείας
346 2347 469 2426 ’ἔνδειξιν
485 2351 684 2426 ἐνεδείξαντο.
719 2345 829 2439 ῥᾴδιον
846 2348 879 2414 δ’
899 2347 985 2414 ἴαται
1008 2348 1132 2414 κάκεῖνα
1154 2346 1285 2431 μανθοί·

131 2455 235 2518 Ξθνειν
261 2463 328 2528 τοῖς
349 2451 553 2536 βουλομένοις
578 2453 611 2530 ἐξ
638 2443 681 2518 ὧν
704 2451 854 2528 κάκείνοις
880 2453 1034 2538 γεγένηται
1061 2448 1282 2537 ὑπομνήματα.

174 2555 320 2642 οὐδὲγὰρ
334 2561 405 2642 σιγῇ
424 2552 600 2640 κρύψαντες
616 2554 688 2621 οὐδ’
706 2554 797 2622 αὐτοὶ
813 2551 918 2640 λήθης
938 2555 1065 2642 ἀφῆκαν
1089 2561 1287 2643 κληροῦσθαι

173 2655 319 2742 βαθούς·
352 2657 425 2724 ἀλλ’
450 2657 524 2725 ὅσον
549 2653 566 2726 ὅ
594 2663 652 2724 τοῦ
678 2661 815 2742 διωγμοῦ
838 2658 946 2745 καιρδς
968 2661 1020 2724 καὶ
1043 2657 1150 2736 adroic
1170 2656 1287 2743 ὅμοίως

174 2759 249 2848 ἡμῖν
273 2758 503 2849 συγκεχώρηκε,
531 2767 637 2849 γραφῇ
658 2761 850 2828 τὰτοιαῦτα
866 2761 1092 2850 παρέπεμψαν,
1113 2764 1183 2844 καὶ,
1210 2760 1287 2830 ὅσον

245 2907 287 2962 12.
305 2903 334 2972 ἐς
346 2899 401 2964 ὅσα
417 2905 483 2960 coni.
496 2905 574 2961 Bois.

173 3031 202 3080 et
218 3033 335 3091 sextum,
353 3043 420 3098 quac
433 3043 489 3080 cum
503 3025 664 3097 supradictis
675 3024 752 3078 valdo
765 3030 915 3080 consonant.
949 3026 1013 3096 (X.)
1030 3025 1061 3081 Sl
1077 3025 1159 3096 igitur
1179 3026 1284 3082 divinae

174 3096 336 3150 substantiae
357 3095 421 3149 nihil
438 3097 567 3149 diversum
588 3111 636 3148 nec
656 3093 830 3165 praeintelligi
847 3100 936 3166 potest
949 3114 998 3150 uec
1013 3096 1169 3166 cointelligi,
1187 3115 1285 3168 ecquo·

174 3163 249 3219 modo
270 3183 286 3219 o
305 3165 403 3230 eratio,
422 3181 497 3235 quum
516 3164 635 3217 Palamas
655 3164 726 3219 aliud
739 3164 922 3236 diversumque
933 3183 991 3219 csse
1004 3165 1082 3230 dicit,
1101 3166 1227 3220 divinitas
1241 3167 1284 3219 in-

175 3241 264 3288 creata
283 3183 378 3318 dimin
395 3251 453 3287 cum
471 3233 597 3305 quicquid
617 3231 751 3304 posterius
766 3240 808 3286 est
821 3233 868 3288 illa
881 3235 1042 3302 substantia,
1060 3235 1088 3288 in
1106 3243 1284 3290 creaturarum

174 3319 279 3426 med?
288 3305 371 3426 Pituis
383 3387 424 3424 mc
436 3369 526 3424 dicere
540 3370 687 3442 cupientem
702 3371 793 3424 solitus
806 3371 900 3442 capitis
912 3371 988 3426 dolor
1001 3390 1051 3427 uon
1070 3373 1141 3427 sirit
1175 3373 1285 3445 Quippe

175 3445 204 3496 et
213 3441 341 3497 chuerum
354 3440 507 3504 acrimonia,
525 3457 601 3512 qnam
616 3440 717 3494 illorum
729 3441 896 3494 certaminum
910 3459 1004 3509 curae,
1021 3450 1050 3498 et
1059 3441 1130 3496 illins
1144 3450 1286 3515 tempesta-

175 3512 211 3564 tis
220 3511 290 3565 calor
302 3510 409 3577 nimius,
428 3510 554 3579 simulque
565 3509 653 3564 inedia
666 3515 723 3562 toto
740 3509 783 3562 dic
801 3511 929 3578 tolerata,
946 3511 1025 3565 vulda
1040 3522 1181 3577 auxerant,
1200 3530 1283 3583 quau·
1380 3530 1383 3538 ·

174 3581 269 3634 tumvis
282 3581 408 3634 nolentem
423 3597 463 3634 mc
484 3580 517 3633 ad
530 3579 654 3632 silendum
666 3578 796 3664 compulit.
832 3579 893 3632 Non
908 3581 987 3647 enim,
1005 3587 1036 3634 ut
1047 3583 1120 3652 impii
1132 3583 1284 3650 Palasuitas,

175 3649 331 3719 Sybariticis
350 3649 406 3734 illis
427 3649 519 3702 mensis
538 3663 611 3702 manc
632 3655 733 3718 operato
753 3647 806 3718 ipsi
828 3665 931 3720 quoquc
954 3651 1099 3716 lueremus3
1122 3653 1216 3706 necin
1239 3651 1283 3716 iis,

174 3719 473 3842 insistitis
485 3718 1285 3868 ,inlitislt?tttsstltntltmsstttiltitlt

174 3857 377 3922 sollicitudines,
396 3866 422 3910 et
437 3873 569 3912 sacrorum
583 3856 729 3925 dogmatum
743 3855 771 3908 ln
789 3856 926 3911 discrimen
939 3859 1107 3912 adductorum
1129 3868 1284 3914 commenta-

172 3925 266 3981 tiones.
302 3927 392 3996 ltsquc
404 3927 457 3991 illi,
473 3943 539 3996 quos
552 3925 649 3980 virtute
664 3924 737 3978 simul
756 3928 784 3978 et
802 3924 920 3981 doctrina
939 3935 1044 3980 ornatos
1064 3929 1282 3999 supradiximus,

172 3995 307 4050 lectissimi
327 3995 391 4060 riri,
418 3996 463 4067 qui
478 4013 577 4048 raecum
591 3994 715 4058 aderant,
733 3992 839 4047 dicendi
857 4012 963 4050 munere
979 4005 1115 4067 suscepto,
1140 4015 1155 4050 o
1174 3999 1238 4052 time
1256 4004 1285 4048 ct

173 4065 350 4137 copiosissime
369 4065 551 4138 disputarunt,
574 4081 604 4117 ac
628 4063 749 4116 veritatis
768 4063 874 4117 fortiter
895 4065 1075 4120 detendendae
1093 4015 1180 4121 nobiid
1197 4082 1284 4119 uem·

173 4135 244 4206 plum
261 4135 405 4190 ediderunt.
442 4135 531 4187 Facile
546 4141 631 4187 autern
649 4131 706 4187 erit'
719 4131 817 4186 volenti
831 4133 924 4218 culpus
935 4134 981 4188 illa
992 4135 1093 4189 discere
1106 4153 1139 4188 er
1156 4151 1285 4189 commcn-

172 4205 266 4270 tariis,
284 4221 347 4276 qnos
368 4205 389 4257 ii
410 4205 487 4258 ctiam
506 4204 632 4257 lecerunt.
676 4201 744 4255 Naro
765 4219 814 4255 nco
834 4202 886 4272 ipss
904 4221 936 4256 ea
952 4204 1056 4257 silentio
1077 4221 1213 4274 pressere,
1235 4221 1285 4256 nec

173 4273 307 4328 obruenda
329 4273 452 4327 oblivioni
469 4272 615 4326 tradideret
632 4270 680 4325 scd
699 4277 825 4342 quatenm
840 4273 1031 4354 persecutionis
1046 4279 1149 4344 tempus
1170 4273 1204 4325 iis
1218 4290 1284 4344 quo-

173 4359 225 4415 quc
238 4341 372 4416 permisit,
389 4341 484 4399 litteris
497 4342 698 4408 mandaverunt,
715 4345 743 4396 et
756 4341 883 4398 ecclesiae
895 4341 964 4398 mdo
977 4341 1087 4412 singuli,
1105 4351 1230 4414 ‹puantum
1251 4342 1284 4396 11-
