3067 4792
279 293 357 370 600
579 305 814 376 NICEPHORI
834 306 1075 380 GREGORAE

114 485 144 537 Α.
158 483 190 534 ll.
209 469 319 549 Βεεοὲς
333 465 528 558 τούμφανές,
559 477 656 560 σχολῇ
674 469 708 558 γ’
733 467 774 539 ἀν
796 469 912 552 ἀλλους
931 471 1155 555 στασιάζοντας
1175 477 1227 543 καλ
1247 477 1390 562 μαχομί-

147 555 199 606 ¹¹¹¹¹'
213 557 354 675 ¹⁰Dvooc
377 571 522 657 ἀλλήλοις
551 577 678 642 πείσειεν
711 577 754 652 εἲς
787 573 1006 665 ὁμοφροσύνην
1032 579 1135 645 ίλθεΐν
1165 579 1386 648 ἀστασίαστον.

280 675 352 768 (Β.)
370 677 499 743 Ἔπειτα
519 678 570 742 καλ
585 675 749 763 δευτίρους
771 679 820 744 lul
839 690 906 758 τοῖς
920 681 1080 769 προτίροις
1096 681 1219 760 ἐκείνοις
1231 681 1389 770 ἀπῄτησεν

280 779 400 868 ὅρκους.
429 781 481 846 καλ
497 779 542 861 ὃς,
571 780 714 864 ίκμίσου
727 779 859 864 πάμπαν
871 791 1029 850 ποιεῖσθαι
1040 781 1230 869 βουλόμενος
1246 785 1388 853 ὕποπτον

279 882 379 965 ἀπαν,
405 885 458 949 ‘aba
474 880 518 967 μή
534 909 565 948 τι
582 882 673 971 πάθῃ
688 883 787 950 δεινδν
802 883 886 964 ἅπαξ
900 889 1049 976 ἐπιορκῶν
1065 891 1244 975 φωραθεὶς,
1273 887 1310 956 od
1325 885 1409 972 pud-5

276 1013 331 1053 νον
349 986 460 1072 λερεῢσι
474 982 671 1073 προσήκοντα
685 983 846 1070 ὀμώμοκεν
869 987 961 1075 ὅρκον
970 1040 981 1071 ,
1013 990 1094 1056 ἀλλά
1106 994 1158 1056 καλ
1174 990 1210 1068 ὃς
1227 994 1388 1076 δημοσίοις

249 1085 430 1176 κάνδράσιν
445 1087 596 1156 είθισται·
622 1091 674 1154 καί
695 1087 776 1176 ἀράς
789 1091 838 1156 int
852 1090 1153 1180 τούτοιςεπρούτεινε
1172 1095 1251 1160 καθ’
1273 1091 1387 1160 ἑαυτοῦ

277 1193 337 1270 τάς
357 1194 502 1278 μεγίστας
523 1189 603 1274 δμοῦ
627 1193 679 1257 καλ
699 1191 879 1281 φρικάδεις,
913 1193 1147 1280 είψευδύμενος
1162 1195 1242 1274 ὅλως
1255 1199 1305 1261 ἐπὶ
1321 1207 1388 1274 τοῖς

277 1295 449 1382 λεγομίνοις
464 1291 564 1380 ἀλοίη.
618 1291 685 1385 (Γ.)
713 1301 787 1362 Τῶν
805 1297 844 1382 δὴ
856 1297 1005 1366 τοιούτων
1021 1301 1071 1364 ἐπὶ
1083 1295 1214 1387 τοιαύτη
1226 1297 1388 1366 καταστά-

278 1423 324 1464 σει
341 1398 583 1483 συνενεχθέντων
590 1447 602 1480 ,
627 1397 686 1482 τὴν
702 1401 851 1484 ταχίστην
865 1394 961 1479 αὖθις
973 1399 1052 1487 ἐξήει
1064 1409 1121 1469 τοῦ
1137 1399 1279 1480 ἀστεοςδ
1296 1407 1430 1468 Kar-10

277 1501 484 1586 τακουζηνδς,
511 1499 568 1568 cdo
595 1507 694 1587 πολλῇ
713 1509 778 1568 τῶν
800 1502 926 1571 οἴκοθεν
945 1503 1117 1592 χρημάτων
1140 1511 1319 1593 παρασκευῇ
1335 1507 1389 1570 καί

280 1603 340 1672 ὅσα
354 1605 432 1692 πρὸς
448 1603 567 1692 δωρεὰς
574 1607 757 1692 φιλοτίμους
769 1610 833 1671 τῶν
846 1609 1005 1692 προσιέναι
1019 1605 1194 1690 μελλόντων
1210 1608 1296 1696 αύτῷ
1306 1633 1387 1674 παν-

184 1711 426 1778 Ρ.373τοδαπῶν
444 1708 546 1774 ἐθνῶν
563 1703 641 1790 ducii
659 1708 711 1772 καλ
725 1715 923 1793 πρεσβευτῶν
941 1713 993 1775 καὶ
1005 1709 1124 1776 πόλεων
1136 1707 1385 1796 παρεσκεύαστο·

279 1808 392 1878 ίπιπλά
406 1836 486 1899 φημι
511 1811 563 1876 καλ
582 1808 713 1892 χλαίνας
732 1809 884 1888 Ἰταλικάς
901 1813 1049 1900 ίξίρίου,
1078 1816 1130 1878 καί
1143 1811 1204 1878 ὅσα
1219 1813 1309 1898 ἕτερα
1322 1837 1387 1894 μα-

279 1907 355 2003 κρδν
367 1914 402 1980 ad
420 1911 582 2002 φιλότιμον
596 1911 698 1996 ἔχουσι
713 1917 776 1978 τῶν
786 1916 933 2000 χαρίτων.
975 1915 1048 2005 (Δ.)
1060 1912 1100 1980 Ὅ
1113 1940 1147 2000 γε
1157 1913 1383 1999 μῆνἈπύκαυ-
1394 1925 1428 1981 15

279 2042 334 2094 κος
348 2019 381 2094 ίς
393 2015 429 2082 sd
448 2012 598 2102 φρούριον
613 2013 710 2079 oduei
732 2019 960 2100 συγκλεισθεὶς,
987 2016 1057 2083 ἀντὶ
1069 2023 1127 2084 τού
1144 2022 1264 2100 μᾶλλον
1276 2013 1387 2101 αἰσχύ-

278 2126 391 2187 νεσθαι
405 2120 456 2184 καλ
469 2119 621 2208 ἐρυθριῶν
632 2117 681 2181 ἐπὶ
694 2123 734 2204 τῇ
748 2117 846 2186 αὑτοῦ
861 2116 1005 2209 ἀνάνδρῳ
1016 2121 1068 2185 καὶ
1079 2118 1258 2205 γυναικῶδει
1270 2122 1384 2207 διαίτη,

279 2220 349 2290 ὅδὲ
363 2221 542 2288 τούναντίον
553 2215 728 2306 ἐτετάφωτύ
742 2244 776 2286 τε
800 2224 852 2287 καλ
875 2219 994 2308 ὀφρύος
1016 2218 1141 2306 ἀπάσης
1153 2205 1253 2304 μεστά
1274 2220 1385 2310 διεξῄει

279 2322 424 2414 ῥήματα,
452 2325 503 2390 καλ
524 2322 621 2388 edroi
635 2325 896 2410 Καντακουζηνοῦ
913 2325 1123 2413 κατεμίμφετο
1142 2318 1309 2421 ἀβουλίαν,
1337 2323 1386 2391 ὅτι

250 2429 322 2514 Βμι)
347 2431 399 2494 καί
425 2425 520 2502 αὐτὸς
542 2423 598 2510 τὴν
622 2421 733 2508 δμοίαν
757 2424 951 2513 ἡτοιμάσατο
967 2425 1115 2515 πρόνοιαν
1144 2425 1263 2517 ἑαυτῷ,
1287 2427 1335 2493 ἀν’
1350 2429 1428 2494 driu

276 2541 395 2618 καιροῖς
419 2526 551 2614 ἀνάγκης
573 2529 625 2593 καί
639 2523 741 2615 φόβου
762 2537 905 2598 τοιαύταν
919 2528 982 2614 ἔχοι
997 2531 1076 2617 πρδς
1089 2527 1262 2617 ἀσφάλειαν
1283 2527 1386 2617 φρού-

179 2645 345 2723 Ὴοδριον
359 2628 569 2720 καταφεύγειν.
622 2627 689 2717 (Ε.)
711 2627 749 2697 Ὁ
764 2637 785 2700 δ
789 2635 800 2660 '
818 2629 956 2714 ἀκούων,
984 2636 1037 2698 καλ
1056 2640 1113 2718 τῆς
1125 2635 1239 2698 ἐκείνου
1253 2657 1385 2719 καταγε-

275 2745 339 2806 λῶν
355 2737 516 2824 εὗηθείας,
542 2730 690 2810 τοιαύτας
707 2732 855 2824 ἀντεπῆγε
874 2736 933 2813 τάς
948 2735 1132 2824 ἀποκρίσεις.
1159 2735 1226 2816 ,Dei
1244 2737 1383 2816 λίθοις-(ί,

277 2843 374 2931 φησὶ,
399 2843 477 2925 „acl
499 2838 642 2914 πλίνθοις
665 2835 724 2924 dyo)
738 2841 796 2927 τὴν
822 2839 900 2926 ἐμὴν
922 2841 1056 2924 τειχίζειν
1076 2835 1248 2927 ἀσφάλειαν
1266 2837 1384 2926 ίγνωκα

277 3075 337 3130 aliis
359 3072 543 3130 dissidentibus
560 3079 638 3148 atque
655 3075 725 3130 inter
742 3093 772 3129 se
791 3073 967 3144 pugnantibus
986 3071 1184 3144 haudquaquam
1202 3087 1383 3142 persuasuram

279 3163 346 3208 esse,
363 3151 393 3197 ut
406 3145 435 3197 in
449 3146 610 3200 concordiam
625 3147 749 3210 redirent,
767 3142 1163 3212 seditionibusqqeabstinereut.
1198 3143 1263 3210 (ll.)
1279 3141 1383 3197 Novum

277 3213 372 3268 deinde
385 3213 575 3280 iusiurandum,
592 3223 696 3285 praeter
709 3213 775 3266 illud
788 3210 922 3282 superius,
939 3212 1036 3280 exegit.
1072 3212 1107 3264 At
1120 3211 1163 3266 bic
1179 3211 1269 3265 soleris
1284 3229 1383 3266 omnem

277 3281 447 3352 suspicionem
462 3284 562 3348 tollere,
579 3303 613 3338 ne
627 3283 690 3353 quid
703 3281 948 3351 graviuuputeretur
961 3280 1070 3350 periurii
1083 3280 1161 3334 semel
1173 3281 1316 3345 convictu,
1331 3297 1383 3334 uon

276 3352 439 3406 sacerdotum
453 3351 527 3406 modo
540 3353 731 3415 iusiurandum,
750 3350 797 3404 aed
810 3358 838 3404 et
849 3349 928 3414 illud,
946 3347 1016 3419 quod
1033 3349 1104 3403 laicis
1117 3349 1222 3402 solenne
1236 3357 1292 3412 est,
1310 3350 1382 3403 iura·

276 3421 331 3474 vit:
348 3437 430 3489 seque
442 3421 659 3476 exsecrationibus
671 3419 738 3473 inid
750 3418 866 3473 maximis
878 3426 956 3489 atque
969 3420 1104 3471 borreadis
1118 3419 1236 3483 devovit,
1290 3417 1384 3472 ullate-

275 3505 324 3542 nus
337 3489 446 3542 mendax
460 3489 487 3542 in
500 3490 532 3544 iis
547 3507 613 3560 quae
626 3489 734 3542 dixisset
747 3493 909 3557 argueretur.
943 3488 1023 3557 (111.)
1042 3490 1092 3542 llis
1105 3487 1143 3541 ita
1158 3487 1316 3549 coustitotis,
1333 3486 1384 3541 ite·

275 3575 332 3612 rum
351 3559 423 3611 Urbe
447 3575 522 3629 quam
543 3560 676 3613 celerrime
698 3575 820 3627 egressus
832 3563 873 3610 est
889 3556 1103 3622 Cantacosenus,
1127 3573 1221 3625 magna
1236 3556 1380 3609 instructus

274 3626 433 3681 domesticae
448 3627 573 3698 pecuniae
583 3629 625 3692 vi,
642 3643 783 3696 earumque
795 3642 890 3690 rerum,
908 3643 975 3696 quae
989 3633 1153 3696 comparatae
1167 3624 1300 3678 αττεστεδ
1315 3641 1383 3678 oon-

275 3696 402 3749 clliandos
413 3697 559 3750 muneribus
574 3698 664 3750 obvios
676 3713 801 3766 quosque,
817 3694 935 3767 populos,
951 3696 1040 3760 urbes,
1057 3696 1166 3764 legatos.
1201 3693 1383 3763 Supellautilia

276 3764 358 3818 intell'
380 3782 395 3816 ο
420 3772 448 3819 et
469 3773 555 3820 vestes
569 3767 672 3820 italicas
686 3781 719 3818 ea
733 3765 808 3831 lana,
824 3771 852 3818 et
866 3780 1034 3835 quaecuuque
1054 3763 1108 3817 alia
1121 3763 1258 3833 plurimum
1272 3761 1305 3814 ad
1320 3779 1383 3816 eou-

272 3833 351 3887 uilian
370 3850 410 3887 am
424 3835 534 3905 gratiam
549 3837 645 3890 valant.
679 3835 755 3902 (lV.)
774 3837 821 3888 Ast
835 3835 987 3903 Apocaucua
1001 3833 1107 3886 castello
1119 3847 1168 3884 suo
1183 3831 1305 3896 inclusus,
1321 3838 1382 3884 hn-

252 3949 256 3957 .
274 3909 330 3956 tum
344 3905 436 3956 aberat
453 3911 482 3957 ut
502 3903 601 3988 pudore
620 3903 768 3957 alliceretur
785 3903 1004 3973 erubesceretque
1020 3919 1093 3956 soum
1111 3901 1174 3954 illud
1189 3899 1290 3954 minime
1305 3900 1382 3953 sin'le

272 3987 305 4026 ac
319 3988 425 4042 prorsas
439 3973 590 4026 foemineum
606 3973 679 4026 vitae
696 3971 854 4026 institutum
876 3971 953 4025 etiam
972 3971 1062 4025 ιοίεοίε
1081 3969 1236 4033 inflabatur,
1262 3978 1289 4022 et
1303 3986 1381 4022 vocas

273 4040 356 4095 emnia
371 4041 537 4112 arrogantiae
551 4043 640 4112 plenas
652 4043 782 4105 iactabat,
799 4047 827 4095 et
839 4045 1044 4094 cantacuzenum
1058 4041 1140 4110 ipsum
1151 4038 1271 4092 inscitiae
1287 4053 1383 4107 argue-

273 4110 322 4163 bat
328 4112 427 4192 ,uquod
443 4127 494 4164 uon
512 4119 539 4164 et
557 4113 615 4183 ipse
629 4111 679 4164 sibi
695 4111 816 4165 cautione
831 4109 909 4163 simili
924 4109 1098 4179 providisset,
1113 4116 1144 4162 ut
1156 4108 1185 4161 iu
1196 4107 1316 4161 noemi·
1330 4123 1381 4160 an·

273 4185 370 4302 gaqum
379 4179 587 4318 periculosisque
598 4180 757 4251 temporibus
773 4180 828 4234 tale
843 4179 952 4233 baberet
961 4179 1112 4262 pgrlugiom
1125 4195 1157 4262 ao
1168 4176 1382 4259 praesidium-sa·

301 4255 344 4302 tas.
395 4249 441 4318 V.)
459 4253 494 4304 lt
511 4249 555 4303 ille
572 4249 636 4304 haec
656 4249 762 4304 aardieas
779 4247 888 4302 lromiuis
910 4246 1078 4332 stoliditatem
1098 4247 1242 4309 iamdabat,
1268 4252 1298 4298 et
1311 4259 1382 4296 arus·

273 4317 342 4372 modi
357 4313 474 4376 dabatei
487 4337 620 4393 responsa.
654 4319 741 4387 „Nou
752 4318 884 4392 lapidibus
895 4323 942 4372 aut
956 4315 1091 4373 meeum
1106 4331 1188 4372 meam
1201 4314 1310 4370 salutem
1325 4329 1381 4368 mo-
