3067 4792
1251 50 1260 83 l

374 324 610 395 nrsrnmsu
630 260 911 395 smannens
932 323 1021 410 xvi,
1038 327 1068 396 ε.
1195 314 1269 389 aas

159 490 324 577 βεβηκόναι
344 487 458 575 τόχας,
491 488 543 557 διό
558 517 591 557 τε
609 490 683 566 τοδς
701 496 758 575 τῆς
782 487 958 575 πραότητος
978 485 1113 575 τρόπους
1136 492 1187 555 καί
1208 487 1269 555 ὅσα
1285 505 1313 556 a
1326 504 1355 553 c.
1367 498 1436 556 1347

159 589 269 681 τάνδρὶ
285 601 406 683 προσῆν
420 596 453 659 ἐν
473 592 593 681 φόσεως
616 596 703 680 ἕτερα
717 593 757 658 ul
772 594 915 680 χρηστὰ,
945 594 1076 659 ἐλπίδων
1091 592 1168 676 ἐχειν
1184 594 1216 659 ἐν
1231 574 1434 695 ‘finimin—

161 704 249 784 ψυχῇ
265 704 415 779 λειμῶνας
429 700 521 763 clusio
534 696 675 782 ἀγαθοδς
690 696 845 779 ξυνίβαινε
858 694 996 779 μάλιστα
1009 692 1145 776 πόντων,
1167 692 1270 761 λόσειν

162 800 259 865 αὐτόν
275 800 386 866 αὐτίκα
407 806 462 884 τῆς
474 807 636 884 βασιλικῆς
650 801 792 877 ἐξουσίας
811 800 1028 883 ἐπειλημμένον
1042 798 1100 883 τὴν
1114 806 1171 883 τῆς
1183 798 1271 865 arios-

139 916 156 969 5
162 906 249 986 ,θείας
266 904 396 991 οἰομένῳ
410 906 607 989 πολιορκίαν,
632 901 672 988 ἡν
696 903 725 967 οἱ
741 909 798 985 τῆς
819 903 1025 987 ἀντικειμένης
1036 903 1172 989 φατρίας
1189 908 1269 968 Τελ-

160 1017 248 1090 χῖνες,
267 1004 410 1090 πονήρως
435 1004 617 1092 ἀνίφλεγον·
644 1008 695 1070 καί
709 1003 804 1071 τοῦτό
817 1032 871 1088 μοι
886 1011 950 1070 τῶν
962 1000 1171 1088 μοχθοόντων
1184 1010 1300 1089 λογι-Ι)

163 1116 250 1190 σμῶν
274 1111 400 1193 ἐγίγνετο
429 1092 592 1191 κατάλυμα
624 1109 774 1195 τερπνόν,
806 1112 858 1173 καί
881 1111 1056 1194 φροντίδων
1081 1106 1269 1173 ἀλισθαίνειν

134 1214 135 1219 ’
163 1216 205 1286 εἷς
228 1210 400 1296 ἀπόγνωσιν
418 1215 658 1277 κινδανεοοοσῶν
682 1209 782 1298 πρᾶός
805 1237 852 1287 τις
873 1215 925 1277 καί
952 1212 1054 1297 γέμων
1076 1207 1269 1297 εόφροσόνης

164 1316 309 1401 ζέφυρος·
338 1314 483 1403 οῗομίνῳ,
514 1312 659 1401 καθάπερ
682 1314 717 1380 τό
744 1314 799 1401 ἐαρ
821 1316 999 1399 ἐλευθερίαν
1024 1319 1090 1379 τῶν
1106 1314 1268 1399 χειμερίων

118 1432 154 1485 1⁰
164 1423 265 1502 νεφῶν
285 1429 355 1492 ταῖς
379 1414 520 1499 ἡλιακαῖς
542 1417 642 1482 ἀκτῖσι
674 1417 855 1504 παρίχεται,
890 1415 990 1493 οὕτως
1012 1419 1189 1502 ἐλευθερίαν
1211 1422 1269 1502 τῆς

162 1518 350 1603 κατεχούσης
377 1517 454 1605 δπέρ
485 1526 547 1585 τῶν
572 1522 667 1587 θείων
697 1516 862 1605 δογμάτων
890 1518 990 1603 λόπης
1014 1516 1153 1605 εόρὴσειν
1177 1518 1265 1602 κάμί.

163 1624 237 1710 (Δ.)
259 1623 340 1688 Ἐπεὶ
365 1620 398 1687 δ’
423 1619 465 1697 ῶς
488 1619 680 1709 πορρωτάτω
705 1630 761 1705 τῆς
782 1623 859 1705 ἐμῆς
878 1620 939 1706 ἤδη
959 1619 1123 1705 ἀπόδημον
1143 1620 1299 1706 γνῶμηςλιλ

162 1722 265 1809 ἕιόρων
290 1725 401 1805 αάτδν,
428 1728 478 1789 καλ
504 1726 539 1791 τό
563 1732 626 1791 τῶν
647 1724 774 1811 εὐγενῶν
794 1726 914 1792 ἐκείνων
930 1726 1062 1790 ἐλπίδων
1075 1724 1196 1797 ἀνθοῦν
1217 1726 1268 1789 ἐν·

162 1831 309 1912 διαίτημα
341 1825 566 1914 μαραινόμενόν
595 1854 628 1893 τε
654 1831 704 1893 καλ
731 1834 772 1913 τῇ
795 1834 855 1910 τῆς
875 1829 1017 1904 ἐναντίας
1037 1829 1150 1913 μοίρας
1176 1828 1268 1916 κακίᾳ

120 1937 368 2017 15παραχιιιροῦν
384 1956 416 1996 τε
437 1933 487 1996 καὶ
511 1929 661 2008 καθάπαξ
680 1928 857 2013 ἡττώμενον
862 1979 873 2011 ,
895 1930 1057 2011 βέλτιστον
1072 1929 1174 2007 ἐδοξεν
1191 1926 1271 1995 είναί

159 2062 223 2119 μοι,
245 2034 301 2111 τάς
317 2040 378 2101 τῶν
393 2030 545 2118 ζητήσεων
559 2033 656 2109 ἀλλος
673 2032 779 2109 ἀλλοις
794 2030 1065 2121 παρακεχωρηκότι
1078 2038 1265 2120 περιφανῶς,

161 2135 272 2203 ὁπόσαι
292 2136 349 2221 τὴν
366 2143 428 2202 τῶν
444 2136 616 2221 ἀναγκαίων
631 2138 761 2223 πορίζειν
773 2136 894 2220 ἐχονσιν
909 2135 1043 2217 ἐνδειοιν,
1070 2138 1119 2201 ἐπὶ
1134 2136 1171 2202 τδ
1187 2160 1267 2222 προ-

158 2242 262 2325 μηθές
274 2237 368 2322 ὁμόσε
384 2247 439 2324 τῆς
451 2246 507 2305 τοῦ
520 2242 613 2327 φίλου
629 2240 830 2327 κεχωρηκέναι
842 2245 957 2323 ψυχῆς.
984 2236 1181 2327 στρατόπεδα
1193 2237 1296 2325 yrias*

160 2341 203 2420 ῶς
222 2347 333 2422 circeio,
361 2348 515 2427 λογισμῶν
530 2345 738 2409 παντοδαπῶν
753 2344 806 2407 καί
818 2343 983 2422 ποικίλων,
1006 2339 1066 2430 ἀφ’
1083 2338 1206 2428 ἡγεμόνι
1219 2348 1264 2431 τῷ

116 2443 241 2535 Ξοζὴλρι
260 2452 316 2511 τοῦ
340 2448 514 2531 κρείττονος
534 2447 566 2510 ἐν
583 2448 649 2527 ἐμοὶ
667 2448 811 2531 διηνεκῶς
831 2442 1095 2531 σογνροτοόμενα,
1121 2443 1265 2511 θανάτοα

159 2550 314 2635 γέμονσαν
336 2545 411 2615 εἶναι
433 2548 491 2631 τὴν
514 2550 664 2614 ἐνταυθοῖ
683 2549 802 2633 σιωπὴν
822 2544 1025 2629 ἀπετίθεντο,
1049 2545 1196 2630 στόματος
1208 2548 1265 2630 μέν

159 2652 233 2727 ἴσως
247 2650 378 2736 ἡκιστα,
403 2658 509 2735 ψυχῆς
530 2676 561 2735 γε
582 2650 645 2735 μὴν
666 2654 718 2717 καί
738 2649 825 2735 μάλα
841 2647 989 2733 μάλιστα.
1015 2653 1097 2736 μηδὲ
1115 2650 1175 2737 γάρ
1188 2650 1266 2737 ἀφε-

160 2752 269 2821 στάναι
286 2755 408 2833 δειλίας,
426 2754 585 2837 αι’σχίστου
602 2752 789 2839 νοσήματος,
806 2752 842 2818 τό
857 2752 911 2819 τόν
926 2760 981 2819 rori
998 2750 1089 2838 ζὴλοο
1103 2752 1267 2839 θησαυρὸν

160 2858 283 2947 ἀφωνίρ
301 2862 408 2947 μακρᾷ
428 2852 633 2939 θαλαμεόειν,
658 2856 738 2941 μηδ’
755 2850 796 2923 κά
817 2854 935 2941 ἀγνοεῖν
960 2854 1045 2941 ἡμᾶς
1049 2905 1061 2938 ,
1085 2856 1139 2922 τόν
1162 2856 1195 2921 ἐν
1216 2863 1261 2945 τῷ
1269 2858 1301 2912 P·
1310 2858 1363 2914 518

159 3018 315 3091 paratorium
329 3019 480 3089 dignitatem
500 3024 569 3073 esset
583 3024 703 3085 evectus,
719 3018 782 3073 mibi
799 3019 902 3089 inquam
923 3019 956 3072 ad
974 3019 1104 3090 ingentium
1123 3017 1188 3071 illud
1203 3018 1267 3074 mite

159 3090 326 3159 respicienti,
344 3098 372 3140 et
384 3088 417 3140 ad
431 3088 481 3140 alia
501 3091 600 3153 omnia,
619 3106 686 3158 quae
700 3090 795 3143 eximia
814 3106 877 3141 sane
894 3088 932 3143 illi
949 3090 1005 3142 viro
1018 3097 1140 3143 enatura
1154 3089 1267 3152 inerant,

159 3160 262 3229 quidam
276 3158 357 3209 veluti
372 3159 455 3210 bonae
467 3159 523 3227 spei
541 3160 619 3211 flores
637 3160 746 3211 animum
761 3159 870 3211 maxime
883 3160 1050 3222 recreobaut3
1068 3174 1126 3211 com
1139 3158 1189 3211 boc
1204 3157 1266 3210 mibi

66 3238 70 3244 '
159 3228 237 3281 facile
251 3226 447 3309 persuaderem,
465 3244 537 3291 eum,
556 3228 642 3279 statim
660 3232 738 3349 stane
757 3244 841 3281 rerum
861 3229 998 3350 potitura:³
1012 3226 1267 3349 ριορέθὲηὴἡριιομρμ

159 3296 1094 3435 αιτιοι,

158 3432 214 3487 'turn
227 3436 300 3504 quasi
315 3433 502 3496 diversorium,
521 3451 690 3503 curarumque
704 3435 738 3487 ad
751 3436 958 3504 desperationem
972 3435 1133 3505 vergentium
1145 3434 1267 3496 solamen,

160 3504 275 3573 zephyro
289 3502 340 3555 leni
356 3511 383 3555 et
406 3502 517 3555 iucundo
535 3504 605 3555 baud
622 3502 746 3556 absimile.
781 3502 907 3556 Putabam
923 3504 1036 3566 scilicet,
1055 3504 1267 3573 quemadmodum

159 3590 207 3626 ver
224 3573 340 3625 bibernis
357 3572 477 3655 nubibus¹
489 3572 584 3625 liberat
602 3572 663 3655 splir
680 3572 780 3656 radice,
798 3573 836 3625 ita
852 3583 932 3626 etms
951 3573 1086 3626 liberatum
1101 3571 1136 3624 iri
1149 3588 1180 3624 co
1197 3588 1267 3655 moe·

159 3640 1270 3780 {littll‘tlltttltlllllllllttltltlallllllffllsslt'lltlll

159 3778 217 3832 illes
237 3796 298 3849 spes
308 3818 316 3845 ,
335 3796 404 3899 (pm.
416 3778 476 3863 mibi
494 3778 585 3831 florum
603 3780 687 3863 instar
699 3798 757 3864 sese
770 3780 928 3844 obtulerant,
949 3797 1123 3863 marcescere,
1141 3778 1270 3863 repertis

159 3850 285 3902 adversae
303 3866 341 3901 rna
353 3856 457 3917 ignitatr
474 3850 552 3901 semel
571 3866 672 3902 ommno
690 3856 774 3901 victas
792 3848 901 3911 oedere;
919 3856 1040 3919 optumum
1055 3848 1189 3902 essedum
1205 3850 1270 3901 altas

158 3918 299 3987 petitiones
313 3918 370 3970 aliis
390 3919 468 3988 plane
487 3918 648 3985 relinquere,
666 3936 711 3971 eas
728 3934 819 3987 nempe
834 3936 901 3986 quae
917 3920 951 3972 ad
971 3918 1167 3988 comparandam
1184 3934 1270 3971 rerum

158 3989 363 4039 necessariarum
376 3986 474 4056 copiam
491 3986 659 4056 pertinerent,
674 3988 700 4040 in
714 4005 768 4041 eam
781 3994 865 4040 autern
879 4004 968 4040 curam
980 3988 1126 4040 incumbere
1139 4004 1188 4049 me,
1202 4002 1270 4055 quae

158 4056 233 4109 amici
246 4058 345 4109 animae
360 4056 514 4108 consuleret.
551 4054 731 4123 Cogitationes
749 4058 847 4125 quippe
860 4056 1014 4127 multiplices
1026 4064 1055 4110 et
1067 4055 1158 4110 variae
1170 4056 1199 4108 iu
1211 4056 1268 4108 oni·
1337 4120 1344 4130 ι

157 4142 197 4178 mo
214 4142 279 4189 meo,
297 4124 369 4177 velut
381 4126 494 4193 legiones
510 4126 651 4193 quaedam,
668 4124 846 4179 laudabilioris
858 4125 908 4177 aeli
924 4126 1048 4195 auspiciis
1063 4126 1271 4194 glomerabantur

156 4202 302 4263 perpetuo,
320 4202 399 4263 atque
416 4194 465 4246 hoc
486 4194 542 4247 loco
557 4193 702 4257 silentium,
719 4193 840 4247 siminus
857 4194 926 4246 torte
947 4196 1063 4315 corpori,
1083 4195 1182 4246 animae
1199 4203 1271 4244 certe

155 4262 314 4315 mortiferum
321 4278 429 4331 prorsus
443 4280 501 4316 esse
514 4264 715 4316 submonebant=
733 4280 782 4315 nee
795 4263 990 4316 enimdistarea
1021 4262 1188 4332 ignavia,qui
1202 4278 1269 4313 rnor-

155 4332 204 4385 bas
220 4332 385 4403 turpissimus
403 4341 459 4397 est,
477 4331 530 4385 alto
550 4332 653 4387 silentio
674 4332 803 4404 sepultum
825 4332 875 4385 zeli
896 4332 1063 4394 tbesaurmn3
1088 4348 1171 4401 neque
1191 4331 1269 4383 etiam
