3067 4792
502 298 864 373 ANNOTATIONsss.
1068 271 1071 275 ’
1167 300 1268 373 τετε

116 477 199 542 φας,
226 460 280 526 καλ
301 458 457 544 βασιλείαν
482 466 539 526 τοῦ
558 466 641 526 θεοῦ
659 465 749 526 τοῦτο
770 458 916 538 καλέσας,
946 462 1132 539 ἐδίδαξαν
1108 469 1200 547 ημᾶς
1231 461 1271 531 οῦ

117 544 177 633 γάρ
199 548 279 612 ἐστιν
299 546 322 628 6
343 550 479 655 βασιλεία
499 552 555 613 τοῦ
578 552 657 611 θεοῦ
679 543 774 653 δοάλη
795 546 848 610 καί
868 544 981 627 κτιστή.
996 546 1094 651 μάνη
1115 548 1179 657 γάρ
1192 546 1271 632 αῦτη

117 632 232 709 παντὸς
253 638 367 714 μάλλον
388 628 584 741 ἀβασίλευτος
601 628 696 695 σιτί’
676 628 841 739 αὴττητος,
876 632 929 695 καί
950 627 1063 716 χρόνον
1083 632 1195 712 παντδς
1218 637 1272 700 καλ

119 721 235 793 αίῦνος
255 718 402 782 ἐπέκεινα.
425 715 522 793 οῦτως
544 711 602 782 οῦν
620 717 708 825 6663
730 719 784 782 ἕνα
803 714 885 781 κατά.
901 715 952 783 τδν
973 716 1095 823 μέγαρ’
1087 716 1273 786 Αθανάσιον

120 804 156 868 ἐν
177 810 233 911 ριᾷ
253 798 380 914 θεότηρι
396 804 523 913 σέβομεν
539 800 627 881 θεδν,
650 798 688 867 οῦ
704 802 781 867 κατά
795 800 867 907 τη“ν
873 800 982 868 ον’σίαν
1004 801 1106 913 μάνην
1122 805 1273 911 66666606,

122 886 198 952 άλλά
214 868 271 953 καλ
291 886 367 951 κατά
388 887 425 953 τά
446 891 515 966 περὶ
535 886 593 970 666
614 884 723 995 οάρίαν
728 883 945 997 θεωρούμενα
964 890 1017 998 ηαδ
1038 898 1130 957 θεολο
1151 888 1274 999 066666,

122 972 181 1054 τήν
204 971 352 1055 δυ’ναμιν,
381 972 438 1057 666
458 974 604 1083 6666666,
633 972 691 1055 τὴν
703 970 912 1083 666666666,
941 971 977 1039 τδ
998 982 1082 1082 φάς,
1104 1002 1161 1059 την
1183 975 1274 1078 6666,

122 1057 226 1123 καί
189 1084 226 1123 τα
238 1065 382 1123 τοιαῦτα
403 1058 499 1123 καὶ
474 1084 515 1135 ως
528 1065 599 1142 μιάς
611 1060 664 1123 καλ
678 1066 735 1141 τῆς
750 1055 844 1142 αάτῆς
859 1057 954 1141 οὔσης
967 1066 1030 1124 666
1037 1068 1137 1166 τριτῦν
1151 1057 1276 1166 προσαί-

123 1168 194 1209 πων
206 1144 258 1209 καλ
272 1150 329 1224 τῆς
343 1142 449 1221 οάσίας
460 1147 566 1209 καλ”
527 1170 582 1251 της
598 1140 791 1253 ἐλλάμψεας,
813 1146 866 1209 καὶ
881 1146 985 1221 66663
1002 1142 1103 1228 πάσης
1118 1143 1276 1259 δυγάμεενς

125 1230 178 1335 ττριέ
194 1232 342 1312 ἐνεργείας
363 1234 462 1305 θείας.
476 1230 492 1295 6
513 1229 547 1294 δέ
566 1226 739 1305 Ἀκίνδυνος
753 1225 896 1336 άθέσριως
910 1233 953 1306 εἰς
967 1232 1070 1294 κτιστά
1086 1234 1138 1297 και
1153 1230 1278 1297 άκτιστα

124 1312 179 1379 τὸν
200 1340 255 1379 ενα
276 1314 350 1379 θεάν
373 1317 538 1397 διχοτομεΐ,
568 1315 621 1378 καὶ
641 1317 685 1389 είς
707 1312 764 1380 δῦο
785 1313 936 1397 θεότητας
956 1314 1123 1397 έκφάλονς,
1154 1316 1245 1381 ταδ’
1226 1342 1279 1381 ον-

125 1424 187 1475 τως
206 1398 428 1507 ῦπερρειμένην
450 1424 480 1464 τε
502 1400 555 1463 καλ
574 1400 755 1481 άφειμένην,
780 1398 838 1481 τὴν
858 1404 932 1482 μίαν
953 1402 1129 1510 666666666
1147 1402 1279 1509 θεάτητα

126 1490 185 1549 τοῦ
204 1483 319 1590 πατρδς
339 1487 392 1549 καί
413 1491 470 1549 τοῦ
489 1487 564 1550 υίοῦ
583 1486 713 1549 καὶτοῦ
734 1486 823 1569 άγίου
843 1483 1031 1593 666666603·
1052 1485 1124 1595 666
1145 1483 1264 1596 666’
1225 1513 1281 1553 ου-

129 1572 201 1635 σίαν
227 1578 282 1635 τοῦ
309 1576 389 1635 θεοῦ
416 1570 635 1719 ὑπερκειμένην
656 1570 830 1677 66666,‘
803 1596 847 1645 ως
875 1568 972 1681 μάνηγ
991 1567 1062 1635 κατ’
1083 1568 1177 1681 66666
1199 1571 1281 1637 666·

131 1676 203 1721 στον
224 1652 372 1736 θεάτητα·
401 1654 435 1720 τδ
458 1655 492 1719 δέ
513 1661 583 1731 663
605 1658 721 1732 ἐκεῖνο,
716 1654 959 1761 666666666‘
934 1681 976 1730 63
996 1655 1119 1740 666666
1140 1654 1281 1767 θεάτητα.

132 1748 217 1806 ποιεῖ
237 1738 270 1804 δέ
291 1738 414 1849 κτιστήγ
436 1742 581 1805 ἐντεῦθεν
610 1741 661 1847 καὶ
675 1737 747 1848 666
776 1735 886 1804 οῦσίαν
912 1747 970 1804 τοῦ
990 1749 1077 1806 θεοῦ.
1121 1738 1159 1807 06
1173 1741 1283 1849 γάρὴ

132 1828 290 1909 ἐλλαμψις
304 1823 423 1905 66666,
446 1824 586 1889 άκτιστον
608 1820 683 1889 αάτδ
706 1821 764 1889 οῦκ
786 1828 922 1889 ἐστι.το
916 1822 979 1889 δέ
1001 1832 1124 1908 πλῆθος
1143 1834 1206 1892 τοῖν
1228 1824 1283 1931 66-

132 1919 195 1977 λων
217 1918 363 1992 πονηράν
384 1911 543 2018 αἱρέσεων,
569 1906 617 1985 αςί
637 1911 784 1973 ἐντεῦθεν
804 1914 986 1992 περιπίπτει,
1010 1911 1103 1995 ἤτοῦ
1116 1918 1176 1976 νῦν
1189 1909 1283 2020 γράμ-

134 2020 229 2081 ματος
258 1998 404 2075 συντομία
435 1992 473 2059 οά
500 2002 605 2103 χωρεῖ.
640 1990 785 2103 κρθάπερ
809 1994 844 2059 δέ
864 1995 1081 2103 δΣαβέλλιος,
1113 1998 1146 2061 ἐν
1172 2004 1214 2061 τεῦ
1241 1994 1284 2080 μὴ

136 2082 294 2184 διαφέρειν
315 2082 411 2189 66666
431 2088 488 2145 τοῦ
508 2078 624 2189 πατρδς
643 2078 697 2144 τάν
717 2078 807 2157 υίδν,
842 2077 885 2162 μὴ
907 2082 985 2163 ἐχειν
1005 2081 1128 2147 υίδυ
1095 2108 1151 2146 τον
1172 2062 1286 2190 πατέρα

136 2161 343 2250 έδογμάτιζεν,
373 2164 471 2243 οὕτως
491 2192 508 2231 ο
501 2162 723 2243 ’Ἄκίνδννος,
754 2190 826 2231 οταν
847 2166 918 2252 λίγη
936 2166 1031 2249 μηδέν
1053 2168 1207 2249 διαφέρειν
1227 2166 1287 2274 666

136 2256 228 2317 θείαν
250 2253 370 2333 ἐκείνην
392 2250 543 2333 έλλαμψιν
563 2252 616 2357 666
642 2250 795 2359 ἐνέργειαν
821 2256 877 2332 τῆς
902 2250 1008 2363 οῦσίρς
1029 2258 1086 2317 τοῦ
1105 2258 1201 2327 θεοῦ,
1230 2248 1288 2317 οῦκ

135 2340 215 2445 6666
238 2338 333 2416 φησιν
364 2336 515 2419 ἐνέργειαν
541 2334 599 2417 666
623 2331 732 2401 οῦσίαν
760 2341 816 2399 τοῦ
837 2341 926 2400 θεοῦ.
969 2364 986 2401 ο
978 2336 1044 2400 δέ
1063 2344 1154 2402 τοῦτο
1180 2336 1287 2445 λέγαρ,

139 2420 212 2505 μετά
234 2428 290 2485 τοῦ
311 2420 524 2496 Μεσσαλιανδς
546 2419 638 2527 εἶναι,
661 2415 756 2484 μαλ’
733 2429 859 2529 αναιρεῑ
876 2420 1032 2497 τελέας
1000 2447 1052 2487 τον
1073 2422 1161 2500 θεάν,
1184 2422 1289 2487 έαυτδν

141 2508 239 2573 άθεον
267 2502 443 2588 ῦπάρχοντα
472 2503 603 2581 δεικνάς.
648 2505 683 2570 τδ
704 2505 761 2589 γάρ
785 2504 837 2615 μὴ
849 2507 918 2587 έχον
948 2507 1013 2585 ἐνέρ
996 2532 1115 2589 ργειαν,
1146 2504 1291 2589 υῦδαμοῑς

140 2596 203 2659 ἐστι
223 2590 300 2655 κατά
319 2590 392 2667 τοῦς
412 2587 591 2675 θεολόγονς.
622 2589 673 2653 διά
692 2598 783 2655 τοῦτο
804 2588 838 2654 τά
857 2599 947 2655 θεῖον
969 2593 1065 2657 έκεῖνο
1087 2593 1140 2656 καλ
1159 2614 1291 2674 προσκυ-

141 2676 234 2787 66666
256 2672 348 2785 στόμα
368 2683 427 2741 τοῦ
445 2677 697 2759 τρισμακαρίστου
718 2678 771 2739 καὶ
793 2674 882 2759 άγίου
904 2702 963 2759 μου
984 2672 1065 2787 6666
1065 2702 1137 2785 ντρυ
1165 2679 1218 2740 καλ
1240 2681 1292 2761 βα·

143 2764 265 2869 ριίέως,
296 2759 347 2826 διά
369 2786 423 2826 του
411 2763 609 2826 συνοδικοῦ
631 2780 709 2841 φησι
728 2756 836 2869 τάμρυ
866 2761 908 2836 63
930 2764 959 2825 εί
977 2763 1029 2825 και
1050 2760 1141 2866 πρδς
1147 2770 1293 2867 τοσοῦτογ

141 2846 228 2929 ῦψος
247 2849 380 2927 θεωρίας
401 2842 571 2929 άνέδραμον
593 2846 686 2909 ἐντῶ
708 2844 820 2954 Θαβεδρ
843 2847 876 2910 οί
893 2852 949 2911 τοῦ
960 2850 1078 2955 666606
1100 2843 1219 2929 μάσται,
1241 2842 1293 2931 χά-

144 2958 195 3043 ριγ
215 2934 268 3039 καί
285 2932 379 3010 δόξαν
394 2929 477 2997 εἶδον
491 2934 593 3007 θείαν,
616 2910 682 2995 άλλ’
697 2926 735 2994 06
731 2927 805 3041 666
819 2929 915 3037 φῦσιν
928 2926 1025 3013 αῦτην
1039 2958 1096 3013 την
1105 2954 1296 3015 χορηγουσαν

144 3018 202 3101 τη“ν
217 3016 318 3099 χάριν.
341 3015 443 3082 καί
405 3042 463 3100 γαρ
477 3018 563 3126 ἐσμεν
577 3016 740 3097 ἐκείνην,Γ
719 3013 781 3080 υπδ
793 3022 854 3080 τῶν
867 3020 965 3081 θείων
976 3020 1088 3101 λογίων
1100 3018 1295 3126 μεμυημένοι,

146 3102 325 3187 άμέθεκτον,
340 3101 485 3183 άληπτον,
500 3097 642 3183 άάρατον,
656 3096 763 3165 καί’
723 3126 830 3177 αυταις
840 3126 907 3177 ταις
917 3102 1136 3186 ῦπερκοσμίοις
1152 3100 1241 3167 ταδ’
1221 3128 1297 3167 ανω·

146 3188 227 3255 τάτω
264 3186 419 3267 δυνάμεσι
450 3193 512 3251 νῦν
538 3184 571 3251 δ’
597 3189 629 3251 οί
658 3183 943 3268 καταφρονήσαντες
968 3189 1021 3252 καί
1048 3195 1127 3253 θεοῦ
1156 3190 1209 3253 καὶ
1235 3194 1298 3251 τοῖν

150 3277 185 3340 ἐκ
206 3280 285 3339 θεοῦ
309 3274 422 3378 άγίων,
446 3276 498 3337 και
517 3278 574 3336 τοῦ
595 3272 627 3336 ἐτι
648 3278 728 3336 θεοῦ
748 3273 932 3382 ρθασιλέως
916 3273 1006 3378 τίμοῖγ
1030 3275 1149 3338 ἐκείνου
1172 3275 1225 3338 καλ
1244 3280 1299 3354 τῆς

152 3363 317 3439 συναδικεῖς
337 3354 498 3435 ἐξετάσεοάς
524 3380 554 3420 τε
576 3353 671 3420 κάλ’
650 3380 851 3436 αποφασεως,
884 3359 936 3421 καὶ
957 3364 1020 3465 666
1041 3360 1091 3422 ἐπί
1110 3356 1205 3466 ταάτη
1228 3382 1300 3438 φρι-

149 3442 345 3510 κωδεστάτων
367 3448 485 3524 δεσμῶν
505 3443 559 3506 καί
582 3436 852 3524 άναθεματισμοῖν,
874 3440 1007 3551 6663
974 3466 1029 3526 μεν
1048 3439 1148 3548 μάτας
1169 3423 1301 3552 εῦσεβοίς

152 3538 363 3611 φρονοῦντας,
384 3531 437 3593 καὶ
455 3525 527 3603 τοῦς
547 3527 623 3611 ἡμῖν
638 3525 938 3636 6606606666663’
917 3526 1186 3609 αποκηράττονσιν,
1205 3525 1302 3593 ’Λαίν-

152 3620 248 3680 δννον
271 3614 304 3679 δὲ
330 3616 382 3679 καλ
410 3611 483 3689 τοῦς
513 3610 577 3689 οίος
607 3609 716 3690 αῦτδς,
746 3608 892 3717 τάηαντία
919 3616 1075 3719 δυσσεβῶς
1101 3621 1302 3698 φρονοῦντας,

154 3707 357 3809 συνηγοροῦσι
377 3700 430 3763 καλ
444 3701 623 3803 στηρίζουσι,
645 3698 734 3761 παντι
753 3695 863 3782 τρόπῳ,
883 3696 1054 3773 κοτνωνοῦς
1069 3699 1148 3780 ἐχειν
1166 3700 1219 3763 καί
1235 3706 1304 3763 συλ-

153 3784 346 3869 λειτουργοῦς
367 3780 595 3860 σπουδάζοντες
638 3785 723 3843 Hanc
749 3786 905 3885 ερίείολειπ
933 3794 1008 3865 puto
1037 3787 1236 3865 primordium
1267 3807 1305 3845 ao

154 3874 287 3953 primum
307 3873 393 3932 velut
413 3871 640 3931 fundamentum
663 3870 756 3930 suisne
778 3871 870 3931 initae
884 3871 922 3930 ab
940 3872 1075 3953 Angusta
1096 3893 1165 3933 cum
1183 3873 1305 3932 Palama

155 3956 302 4017 adversus
320 3954 523 4037 pairiarcham
541 3956 702 4021 societatis.
743 3975 861 4022 εοετιιτ.

241 4062 318 4141 Peg.
341 4064 420 4135 769,
445 4062 497 4125 18.
542 4054 689 4139 Παῦλον]
711 4057 760 4120 Ad
782 4060 904 4122 Galatas
924 4078 991 4137 cap.
1008 4056 1031 4117 Ι.
1046 4074 1075 4116 ν.
1090 4062 1120 4123 8.
1150 4076 1265 4120 υοτυιτ.

243 4160 316 4243 Pog·
338 4168 419 4241 770,
441 4166 473 4231 3.
518 4166 631 4239 Ιίατιιῦς
651 4158 708 4245 μέν
728 4155 815 4245 άφίει
833 4185 862 4226 τι.
879 4185 905 4224 τ.
919 4156 970 4243 λ.]
999 4151 1088 4223 Ηοιυ.
1110 4158 1198 4222 Iliad.
1215 4158 1239 4219 1.
1256 4157 1307 4225 25.

157 4268 262 4309 130le
265 4291 272 4307 .
