3067 4792
500 323 857 396 ANNOTATIONES.
1158 317 1258 392 1323

194 481 320 550 attan.
365 479 428 571 Οὕχ
453 478 500 550 iias
523 481 657 567 ἐνέργεια
675 478 758 567 stapel
779 486 837 548 sori
855 476 1027 564 πνεύματος
1053 480 1166 567 ἐγένετό
1193 486 1255 565 τις]

107 568 179 633 Non
201 572 283 654 procl
302 568 407 655 uliquo
423 574 550 652 energia,
574 594 623 630 seu
642 571 783 652 operatio,
805 591 826 628 o
847 584 953 631 sancto
975 568 1089 651 Spiritu
1101 571 1198 657 sucta
1218 572 1258 632 sit

111 666 170 716 etc.
213 656 272 741 llic
288 669 412 734 auctor,
435 656 571 736 quisquis
595 656 651 732 sit,
676 676 737 715 non
750 664 841 732 negot
853 655 1089 715 incarnationem
1104 667 1258 736 peractam

107 741 201 801 luisse
223 741 327 802 divina
339 742 436 803 sancti
450 743 582 823 Spiritus
596 741 728 800 virtute:
752 740 805 799 sed
819 741 886 800 vult
900 739 996 801 hocce
1008 742 1183 820 mysterium
1196 764 1258 803 non

106 826 271 888 consistere
288 830 436 887 duntaxat
449 827 480 887 in
496 828 549 885 ills
569 825 693 906 speciali
715 824 810 885 sancti
824 826 956 906 Spiritus
975 827 1168 906 operatione:
1190 830 1258 889 vult

106 911 233 991 insuper
247 922 283 972 ut
297 915 395 993 ipsum
415 913 467 971 Dei
489 912 621 972 Verbum
634 930 712 993 lcum
727 907 858 969 humans
874 921 982 971 natura
998 910 1189 991 hypostatice
1202 934 1258 974 seu

106 996 345 1056 substantialiter
365 998 481 1057 unitum
497 998 600 1061 suerit.
632 996 700 1057 Non
715 1014 786 1073 ergo
799 996 989 1056 solummodo
1004 997 1173 1077 specialiter
1186 1018 1259 1077 ops-
1384 1024 1388 1031 ·

104 1080 232 1141 sabatur
246 1083 278 1141 in
302 1082 420 1142 Christo
436 1082 591 1142 divinitas:
613 1101 719 1141 verum
741 1082 804 1140 eius
820 1079 1001 1141 humanitati
1014 1102 1086 1142 vere
1097 1085 1257 1143 coniuncta

107 1176 173 1245 arat
181 1188 191 1240 ;
213 1176 243 1227 at
256 1166 315 1227 hoc
327 1168 432 1228 iuvare
448 1177 567 1247 potest,
589 1176 625 1227 ut
646 1160 814 1229 ‘catholicas
828 1164 900 1229 lislei
915 1190 933 1227 a
947 1168 1124 1230 Nastorians
1138 1166 1257 1229 haeresi

107 1249 268 1311 discrimen
280 1252 480 1331 intelligatur.
524 1272 704 1313 caaaasonn.

191 1335 266 1419 Pog.
292 1337 389 1413 ¹142,
414 1342 462 1404 18.
503 1335 687 1421 Ὦςνῦνγε]
711 1334 742 1395 Si
763 1334 847 1415 legas
868 1331 1049 1421 ὅς’νῦνγε,
1071 1338 1115 1397 sic
1130 1346 1256 1399 vemen-

106 1422 181 1483 ‹lum
194 1422 269 1483 erit:
291 1422 388 1483 Arius
408 1438 436 1483 et
455 1425 622 1485 Eunomirss
631 1419 813 1505 proferentes
831 1418 934 1482 euclem
949 1445 1017 1484 cum
1032 1420 1183 1503 Poluma,·
1204 1425 1257 1505 qui

106 1530 188 1568 nono
210 1510 298 1569 etiam
323 1505 438 1569 eosdem
456 1530 522 1568 com
536 1510 609 1590 ipsis
626 1528 712 1571 uoces
725 1508 877 1587 emittam
897 1529 961 1571 sno
980 1530 1048 1572 oum
1068 1508 1141 1589 ipsis
1155 1505 1255 1570 sociem

102 1590 213 1671 gladio
226 1589 389 1675 iugulatur.
432 1612 615 1655 curamur.
