3067 4792
872 4 996 58 ,s

291 285 390 359 1170
675 291 1037 364 Ah'NOTATIONES.

372 447 445 535 Pag.
465 451 518 528 94,
540 455 591 518 98.
633 451 830 516 Eleusinem
856 451 982 534 τοίνυν]
1030 453 1142 516 Coacta
1169 454 1289 537 synodo
1321 452 1442 533 aliquot

288 537 498 618 episcoporum
523 537 785 618 Constantinopoli
797 541 829 598 in
847 538 990 600 Alexiaco
1003 539 1149 602 triclinio.
1191 538 1369 618 Pachynser.
1386 539 1440 601 lib.

286 622 337 684 lv.
352 644 417 700 cop.
431 621 483 682 lV.
504 621 541 683 V.
558 622 781 688 v1.v11.v11t
796 623 850 687 lx.
864 627 902 689 X.
943 646 1076 686 unusne.
1114 631 1122 643 '

372 705 445 788 Peg·
467 708 519 782 95,
541 711 571 774 9.
615 705 789 792 Γερμανός]
822 707 1000 790 Pscbyrner.
1023 713 1080 773 lib.
1099 709 1152 771 ΙΙΙ.
1170 730 1237 791 esp.
1262 709 1334 773 XII.
1354 708 1440 768 XIII.

173 783 179 792 ’
285 813 417 854 nooaso.

287 877 295 894 '
372 882 443 959 Peg.
457 877 510 952 95,
525 883 576 944 20.
618 871 768 962 Ἰκάριος]
792 877 969 960 Pachymer.
985 879 1040 938 lib.
1055 877 1094 942 V.
1112 899 1180 959 cap.
1194 879 1323 941 XXVII.
1346 879 1440 939 latius

284 983 380 1044 porro
409 963 494 1022 leonii
515 962 712 1024 delectionem
736 965 876 1044 pluribus
900 964 1115 1045 descripsimus
1135 967 1168 1024 in
1189 965 1267 1026 Hist.
1295 961 1439 1024 Franco-

284 1049 413 1128 Byaant.
424 1047 476 1106 lib.
492 1049 529 1108 V.
545 1071 572 1108 n.
589 1048 680 1112 XLV.
696 1059 726 1110 et
742 1051 848 1111 XLVL
872 1051 924 1110 ubi
941 1052 1027 1112 illum
1042 1051 1134 1110 fuisse
1153 1071 1191 1109 ex
1214 1049 1438 1111 &charior-uns

285 1153 338 1194 ssu
356 1131 559 1216 Inqserinrmn
580 1135 692 1194 familia
716 1136 867 1197 Ganuensi
883 1136 1057 1213 docuimus,
1081 1155 1191 1214 exque
1210 1137 1286 1194 alter
1303 1135 1438 1195 Benedi-

289 1227 355 1278 ctus
370 1216 547 1292 Zacharias,
572 1242 608 1279 oc
625 1220 705 1279 illius
723 1221 801 1281 sorte
815 1221 910 1297 lilius,
930 1221 1037 1281 Chium
1051 1221 1177 1280 insulana
1193 1221 1318 1280 Graecis
1333 1221 1438 1280 abstu-

283 1303 321 1364 lit
338 1304 395 1364 aub
421 1325 467 1364 an.
484 1304 640 1368 thCClV.
683 1306 753 1366 Vid.
772 1307 875 1367 eadem
890 1307 969 1370 Hist.
985 1307 1037 1370 lib.
1051 1307 1103 1367 Vl.
1116 1327 1146 1365 n.
1165 1305 1261 1365 XXV.
1303 1325 1436 1364 bucano.

368 1387 444 1470 Peg·
466 1393 519 1466 95,
542 1397 593 1456 21.
641 1396 703 1452 Τοῦ
723 1395 778 1472 τῆς
793 1387 931 1474 Εὐβοίας
948 1389 1150 1473 κρατοῦντος]
1172 1390 1328 1471 interpres
1345 1389 1437 1450 Ρνοε.

283 1487 376 1534 torem
393 1484 542 1536 verterat:
568 1475 748 1556 Principem,
768 1479 1002 1538 emendarimus.
1043 1478 1194 1538 incertum
1212 1486 1332 1551 sutem,
1353 1475 1436 1554 quod

283 1579 357 1618 mox
367 1559 490 1636 subdit,
512 1563 684 1621 unliubona
705 1562 901 1641 Reipublicae
918 1564 1051 1624 Venetae
1065 1584 1099 1622 es
1114 1571 1292 1642 tempestate
1307 1561 1435 1640 provio·

284 1643 330 1704 cia
355 1645 519 1715 exstiterit,
544 1667 646 1706 cuma
668 1647 766 1706 tribus
789 1649 916 1710 diversis
929 1649 1120 1729 principihus
1138 1657 1205 1705 tuns
1220 1647 1434 1728 possideretur,

283 1750 322 1790 ex
335 1729 456 1790 familiis
475 1730 567 1793 DnlIe
585 1728 705 1794 Conseri
718 1733 898 1810 Veronensi,
928 1732 963 1794 di
979 1731 1066 1794 Gbisi
1081 1733 1194 1795 Veneta
1200 1779 1209 1808 ,
1232 1744 1262 1792 et
1278 1729 1435 1790 ΖοοΙιονίο

283 1815 453 1892 cannensi,
479 1837 516 1878 ex
540 1839 597 1896 quo
622 1828 770 1896 postrema
796 1819 1006 1893 onotheras,
1030 1818 1102 1897 qui,
1125 1827 1160 1876 ut
1181 1818 1287 1877 scribit
1309 1815 1434 1893 Pachy-

281 1921 379 1962 meres
396 1902 426 1964 d.
448 1921 513 1982 cap.
529 1901 704 1962 XXVll.ex
715 1904 803 1964 istius
814 1905 930 1964 insulae
941 1905 1070 1964 dominis
1085 1913 1159 1979 erat,
1184 1911 1287 1980 atquo,
1310 1911 1344 1959 ut
1360 1921 1433 1959 vero

284 1987 444 2060 estsimile,
455 2009 470 2045 n
482 1988 601 2048 duobus
611 1988 875 2069 nliisprincipibus
884 1990 1045 2064 defecerat,
1059 1987 1432 2049 ortainricemsiusultste.

282 2071 396 2130 Scribit
406 2073 538 2132 Andreas
553 2073 751 2134 Danduluain
767 2074 874 2135 chron.
888 2075 944 2135 llls.
955 2076 1010 2134 sub
1028 2094 1075 2137 on.
1091 2071 1431 2133 MCCLlVaetllCCLV.

282 2156 465 2216 Guilelrnunr
488 2155 751 2235 Vrllharduinuna,
773 2162 827 2240 qui
846 2162 998 2220 Gausredo
1013 2159 1102 2219 fratri
1123 2161 1241 2218 Morene
1258 2167 1289 2217 et
1303 2155 1433 2215 Achaiae

280 2241 414 2322 principi
437 2253 642 2318 successerat,
678 2245 717 2303 nd
749 2266 782 2305 se
813 2248 948 2307 evocatis
967 2247 1093 2306 Norioto
1122 2241 1215 2303 Dolls
1236 2240 1375 2317 Conseri,
1403 2253 1431 2300 et

282 2327 432 2386 Guilelmo
452 2328 619 2391 Veronensi
626 2373 635 2406 ‚
663 2329 802 2390 Euboeae
821 2332 937 2390 insulse
960 2330 1167 2412 principibus,
1189 2328 1286 2407 iisque
1307 2327 1340 2386 in
1362 2347 1431 2385 car·

281 2431 379 2472 cerem
394 2413 555 2490 coniectis,
579 2416 610 2476 in
628 2416 752 2476 eandem
774 2416 903 2476 insulam
921 2437 989 2476 cum
1004 2415 1101 2495 copiis
1118 2413 1274 2494 irrupisse,
1294 2411 1431 2489 hancque

280 2517 489 2577 expugnasse,
513 2520 551 2560 ex
566 2522 600 2561 ea
620 2501 708 2580 pulso
723 2501 818 2560 Paulo
838 2500 1007 2582 Gradenigo
1022 2501 1205 2561 Venetorum
1223 2498 1347 2557 Baiuio:
1373 2497 1430 2556 Ve-

278 2592 366 2644 netos
382 2603 470 2660 vero,
493 2585 583 2646 naisso
602 2587 703 2646 lllaroo
722 2587 893 2666 Gradenigo
908 2606 978 2646 cum
999 2586 1064 2648 VlI.
1077 2584 1269 2658 triremibus,
1291 2583 1325 2642 in
1346 2582 1430 2642 auxi-

279 2667 353 2728 liuns
361 2669 461 2729 ascitis
470 2671 576 2731 vicinis
584 2672 785 2754 principibu,
793 2674 923 2733 insulam
933 2673 1034 2732 denuo
1042 2670 1204 2750 recepisse.
1218 2669 1277 2727 Sed
1285 2678 1317 2728 et
1325 2689 1363 2726 ex
1375 2668 1430 2727 Ar-

246 2823 248 2828 ,
279 2753 370 2816 ehivo
385 2755 525 2818 Gamerae
540 2769 752 2838 computorum
766 2759 925 2819 Pariaiensi
940 2758 1103 2829 docemur,
1126 2775 1205 2814 anno
1223 2753 1428 2813 MCCCXLIV.

150 2893 153 2900 .
278 2839 357 2899 dnos
369 2853 530 2916 magnates,
554 2865 682 2922 quorum
700 2841 818 2904 altan.
835 2841 927 2904 Dolle
944 2840 1072 2920 Carceri,
1095 2841 1173 2902 alter
1181 2839 1430 2898 Bartholomaeus

279 2923 366 2984 Ghisi
379 2927 489 2987 nobilia
505 2929 639 2989 Venetus
654 2930 842 3006 vocabatur,
863 2930 916 2988 isti
931 2928 1047 2988 insulae
1063 2938 1126 2986 tum
1141 2925 1174 2984 in
1189 2925 1319 2984 solidum
1334 2925 1430 3002 inspe-

281 3029 384 3084 rasse,
408 3033 445 3072 ac
466 3013 585 3075 llloreae
603 3016 734 3096 principi
757 3015 846 3074 fidem
871 3024 901 3074 et
923 3013 1093 3074 clientelam
1114 3012 1311 3092 praestitisse.
1355 3008 1430 3068 Vide

278 3095 406 3155 eundern
426 3099 600 3160 llandulum
618 3121 687 3164 ann.
701 3101 893 3164 Mccsxnt
909 3110 938 3161 et
950 3097 1153 3158 MCCLXXH.
1174 3096 1357 3155 Sabellicusn
1374 3103 1427 3157 etc.

276 3201 409 3241 nocane.

283 3321 287 3328 .
361 3270 438 3349 l'ug-
463 3271 515 3344 96,
537 3272 589 3333 92.
638 3266 698 3334 Teis
717 3265 773 3350 piu
795 3263 929 3356 ἆρχηγόν
945 3273 1000 3348 τῆς
1017 3261 1176 3348 Εὖβοίας]
1198 3264 1294 3326 Aliter
1313 3263 1427 3344 Pachy-

278 3371 394 3428 meres,
417 3354 544 3432 quinon
564 3354 701 3416 Euboeae
722 3357 911 3436 prinoipem,
934 3356 988 3414 sed
1009 3355 1149 3414 loannem
1170 3352 1281 3432 Μέγαν
1301 3344 1427 3431 Κύριον,

277 3456 331 3496 seu
348 3440 392 3497 uti
408 3439 504 3498 nostri
521 3441 671 3502 vocabant
687 3439 732 3502 Le
749 3437 856 3502 Granni
879 3439 963 3514 Sire,
990 3449 1111 3519 captum
1137 3447 1167 3497 et
1182 3437 1366 3508 adductum,
1394 3455 1428 3493 oc

275 3521 386 3584 deinde
414 3525 573 3584 remissum
595 3529 696 3587 statiua
720 3527 903 3600 decessisse,
936 3526 1024 3604 eiquo
1042 3523 1223 3585 successisse
1246 3521 1428 3580 Guilelmum

273 3607 357 3666 iltius
377 3611 501 3670 fratrem
527 3617 676 3693 Magnum
696 3612 855 3672 Dominum
878 3613 993 3673 scribit.
1027 3609 1088 3684 Qui
1110 3606 1311 3689 porropiyoe
1326 3600 1428 3684 κύριος

274 3693 311 3750 ab
335 3715 369 3753 eo
402 3707 610 3776 nuncupatur,
634 3719 693 3757 non
716 3699 795 3757 alius
824 3707 868 3757 est
891 3696 929 3755 ab
952 3695 1126 3756 Atheniensi
1148 3696 1253 3767 Duce,
1276 3692 1428 3750 itaano-

273 3779 345 3838 stris
369 3783 542 3864 appellato,
571 3784 652 3863 quod
674 3783 737 3844 eius
762 3785 839 3843 alitio
861 3783 980 3860 longius
1006 3781 1135 3841 coeteris
1154 3781 1187 3838 in
1210 3777 1337 3838 Graecia
1354 3796 1427 3856 pro·

272 3865 466 3930 tonderetur:
489 3879 617 3948 satorque
632 3891 704 3930 voro
721 3890 758 3929 ex
768 3869 881 3928 familia
901 3866 937 3926 de
949 3866 982 3929 ln
995 3865 1101 3928 Roclse
1115 3864 1241 3925 exstitit.
1285 3861 1362 3923 Vitle
1375 3861 1427 3920 lli·

271 3952 395 4012 stoiinns
412 3954 686 4036 h'ranco-Byaont.
703 3955 757 4016 lib.
775 3955 811 4016 V.
827 3975 857 4015 n.
873 3953 992 4016 XLVll.
1035 3971 1170 4011 nucero.

357 4036 433 4120 Peg·
458 4045 511 4116 97,
533 4047 564 4106 9.
611 4045 723 4104 Hirmas
752 4037 872 4120 πρηνής
902 4033 954 4101 ἐπ’
974 4030 1130 4112 ἐδάφους]
1164 4035 1245 4094 Mera
1273 4031 1373 4091 nbula
1390 4029 1425 4088 oe

270 4120 390 4184 Ioannis
406 4126 505 4185 subita
524 4127 555 4186 in
569 4126 766 4208 imperatoris
781 4134 950 4204 corispectu
963 4133 1080 4200 morte,
1102 4143 1140 4183 ex
1154 4123 1193 4180 iia
1205 4138 1283 4199 (puae
1299 4117 1426 4178 tradun-

269 4217 320 4267 tur
335 4231 352 4268 s
368 4211 553 4292 Paolrynaare
568 4213 619 4276 lib.
635 4213 668 4276 V.
684 4233 751 4293 oap.
770 4211 895 4271 xxvii.
939 4229 1071 4270 uaesano.

354 4295 429 4382 Peg.
452 4304 504 4379 97,
528 4305 577 4368 10.
623 4295 714 4366 Marsi
733 4295 854 4381 μέντοι]
876 4299 919 4358 Ut
934 4295 1009 4358 Pera
1028 4313 1083 4356 seu
1099 4291 1207 4352 Galata
1222 4287 1343 4351 Venetis
1352 4331 1362 4364 ,
1382 4285 1424 4346 Pi·
