3067 4792
276 242 376 320 1154
646 253 1005 326 annotationes.

273 413 403 492 diagelua
427 411 540 494 imp-a
568 413 721 476 Bonifatio
745 413 960 478 Moatieieaaati
981 415 1153 480 marchione
1180 425 1288 500 ceptae
1314 419 1421 498 suerit,

273 509 377 560 aarum
394 499 483 560 etiam
501 508 622 579 praeter
637 500 773 560 Nicetam
788 500 1016 562 Villharduinua
1031 523 1061 563 n.
1076 504 1208 570 CLXIV.
1241 524 1375 567 numae.

358 603 436 682 Pag-
460 605 515 678 17,
540 607 587 666 10.
631 596 818 682 Ἱαθατίννρν]
840 602 1025 664 leonianaem
1040 606 1208 683 Sateaaam,
1230 605 1269 666 da
1288 625 1352 686 quo
1372 614 1422 665 nt

272 685 377 748 multia
393 687 507 766 egimus
519 685 550 746 in
564 687 696 748 Familiia
710 687 849 748 'sua-aiolo
865 709 896 748 a.
914 691 953 753 X.
996 709 1128 754 naono.

356 792 435 870 Pag·
461 793 520 866 18,
541 791 571 856 6.
617 791 676 866 Είς
694 787 751 870 τήν
772 787 855 873 παρα
874 791 1059 874 Μαίανδρον
1078 785 1280 875 Ἀντιόχειαν]
1313 791 1421 852 Cariae

272 875 395 952 urbem,
418 874 457 935 de
480 893 538 954 qua
553 873 685 952 Phlegon
699 875 870 937 Trallianus
887 886 917 936 et
934 877 1114 960 Geograplai.
1157 897 1290 939 nucleo.

358 982 435 1058 Pog.
460 981 518 1054 18,
542 981 591 1044 17.
627 969 686 1039 Ὧν
700 974 773 1053 τοιίς
787 973 983 1053 ὄκτακοσίονς
1004 975 1218 1062 μισθοφόρους
1234 975 1313 1042 εἶναι
1325 977 1421 1041 Anai-

271 1065 361 1144 νονς]
384 1061 581 1144 Pachymeree
598 1063 649 1125 lib.
665 1061 687 1124 1.
705 1085 773 1142 cap.
787 1065 838 1125 111.
853 1065 892 1124 de
908 1065 1031 1125 Graecia
1051 1075 1121 1146 poet
1141 1072 1258 1146 captam
1274 1087 1290 1125 a
1307 1065 1423 1125 ooataie

271 1149 378 1216 urbem
393 1147 424 1208 ia
440 1158 556 1208 aretum
572 1149 714 1222 redactio,
735 1159 771 1208 ut
788 1150 839 1228 qai
852 1159 915 1209 trea
929 1151 1118 1211 solummodo
1132 1150 1220 1211 urbes
1237 1150 1422 1224 obtinerent,

271 1235 432 1307 Nicaeam,
446 1235 588 1308 Paulam,
611 1245 640 1294 et
656 1233 913 1314 Philadelphiam,
936 1256 1005 1295 cum
1026 1236 1063 1296 ab
1089 1236 1204 1298 oriente
1220 1259 1237 1295 a
1251 1237 1351 1295 Peraia
1366 1255 1423 1294 eeu

271 1319 379 1379 Turcia
391 1318 613 1394 iconieneibua,
635 1321 672 1377 ab
690 1341 799 1378 occasu
816 1341 832 1378 a
847 1321 960 1379 nostris
975 1320 1203 1403 impeterentur,
1223 1325 1264 1406 τῇ
1277 1317 1332 1400 μὲν
1349 1315 1423 1381 Ἰτα-

272 1401 360 1468 λικόν
374 1403 488 1485 ἔχοντες
502 1401 687 1484 συμμαχικόν
702 1405 824 1468 ἐπίεσαν
841 1405 990 1485 Πέρσαις,
1013 1410 1053 1491 τῇ
1068 1403 1101 1468 dl
1116 1404 1276 1470 Zavdando
1289 1411 1422 1484 προσλα-

271 1485 393 1572 βόμενοι
413 1487 480 1568 ίίρτι
500 1487 572 1552 ποτὲ
590 1487 686 1566 φανίν
706 1513 753 1566 τε,
783 1489 835 1551 καλ
854 1489 1070 1572 προσληφθὲν,
1094 1486 1242 1554 ἆναίθουν
1263 1487 1335 1564 τούς
1348 1484 1422 1551 Ἰτα-

270 1571 352 1650 λοιίς.
396 1577 555 1636 Enimvero
571 1575 718 1635 incertum
736 1597 774 1634 an
789 1577 843 1634 illa
864 1583 1037 1654 tempeatate
1054 1579 1173 1636 Laeoari
1191 1577 1349 1636 militar-int
1363 1575 1423 1632 La·

270 1660 327 1720 tini
344 1680 397 1742 eeu
414 1659 508 1736 Galli,
535 1661 631 1739 pactis
658 1661 734 1720 sorte
758 1671 824 1720 tum
849 1659 995 1734 induciia,
1027 1661 1197 1721 cuiusmodi
1221 1682 1289 1720 oum
1312 1660 1423 1719 eodem

269 1745 390 1805 Laetori
407 1748 493 1806 initae
513 1755 656 1805 memorat
674 1745 904 1804 Villltarduinue
926 1767 955 1807 n.
972 1745 1127 1806 ccxltx.
1154 1746 1203 1806 vel
1222 1756 1291 1825 poet
1310 1745 1422 1803 loedua

269 1831 349 1891 inter
378 1833 542 1892 Rabertam
571 1831 642 1908 imp.
673 1831 1034 1909 constantinopolitanum
1068 1841 1098 1890 et
1126 1832 1276 1890 Loacarim
1301 1832 1420 1904 initum,

271 1917 309 1976 de
325 1937 385 1994 quo
404 1918 516 1993 egimus
533 1917 562 1974 in
587 1916 717 1975 Historia
737 1917 1054 1995 Franco-Byzantina
1078 1916 1131 1974 lib.
1148 1916 1201 1975 111.
1223 1937 1254 1975 n.
1270 1915 1326 1975 111.
1348 1934 1421 1973 cum

146 2067 148 2074 ,
270 2002 386 2061 scilieet
404 2001 528 2061 [luberti
549 2021 683 2060 aaronem
705 2003 825 2060 Mariam
841 2000 920 2059 idem
941 2001 1075 2059 Lascaria
1096 2001 1127 2059 in
1143 2021 1271 2060 uxorem
1288 2001 1420 2079 accepit,

268 2087 313 2144 uti
327 2107 396 2145 mox
412 2107 477 2165 cop.
494 2107 555 2166 aeq.
570 2097 669 2145 narrat
686 2089 850 2159 (leogoras,
873 2087 954 2144 Petri
968 2087 1085 2146 scilieet
1100 2085 1223 2144 Comitia
1238 2085 1420 2144 Autiaiodo-

268 2171 364 2230 reneio
395 2181 424 2232 et
457 2174 529 2249 imp.
554 2172 877 2252 constantinopolitani
906 2171 1021 2257 filiam..
1049 2171 1128 2233 Vide
1153 2171 1259 2232 Famil.
1292 2171 1419 2250 Byzant.

267 2275 336 2336 pag.
354 2261 426 2323 219.
469 2277 600 2320 uuoauu.

355 2361 427 2438 Pssg·
450 2364 509 2432 20,
535 2367 585 2425 11.
628 2351 732 2434 Μόλις
750 2355 943 2439 κατέκοψαν]
966 2352 1419 2435 Deeeeevidetur,tod911o-

266 2441 379 2516 τίνους.
423 2465 575 2506 u‘onrroa.

352 2531 430 2610 Pog.
452 2535 504 2606 24,
530 2537 557 2596 1.
599 2523 818 2592 Ὀκτωκαίδεκα
832 2526 866 2592 δὲ
881 2521 1071 2610 βασιλεύοντι
1082 2519 1180 2611 τούτῳ
1199 2520 1420 2607 παρερριίησαν

268 2611 339 2694 ἔτη]
361 2616 460 2675 Seriea
487 2615 700 2692 chronologica
724 2615 940 2694 imperatorum
963 2634 1055 2692 aupra
1073 2611 1182 2685 allata,
1205 2618 1420 2690 praeterquam

267 2701 351 2779 qaod
368 2721 462 2760 annoa
483 2701 649 2763 octodecim
665 2701 786 2781 imperii
798 2700 958 2761 Theodoro
976 2700 1097 2758 taloan·
1112 2696 1233 2770 tribuit,
1257 2696 1349 2756 etiam
1362 2717 1420 2754 an-

265 2807 338 2846 num
355 2786 479 2862 indicat,
494 2807 555 2867 quo
573 2788 599 2845 ia
611 2787 693 2863 obiit,
716 2807 823 2866 nempe
837 2786 943 2846 Mundi
960 2785 1011 2844 vl.
1026 2783 1244 2859 Muccxxx,
1257 2781 1311 2862 qui
1330 2802 1348 2840 e
1363 2779 1417 2841 la-

265 2871 371 2932 nuario
388 2893 488 2933 menae
504 2875 563 2932 luit
580 2893 675 2931 annua
693 2869 805 2932 Chriati
818 2869 995 2934 Mcexxtl.
1037 2888 1156 2932 aorvru.

350 2977 428 3055 Pag.
452 2974 511 3052 24,
532 2981 563 3041 2.
609 2971 670 3038 Τόν
688 2969 826 3058 παρόντα
852 2975 924 3057 βίον
951 2967 1089 3056 α’μείβει]
1123 2971 1211 3032 dano
1236 2969 1418 3032 ticum

264 3055 516 3138 Acropol.n.Vl.
560 3079 691 3121 aroana.

350 3147 430 3225 Pag.
453 3145 514 3224 24,
532 3147 564 3210 3.
607 3138 752 3226 Ἰωάννην
774 3139 829 3208 τίν
847 3142 993 3224 Λοῦκαν]
1019 3143 1111 3223 cogn.
1130 3137 1299 3202 Vatatznn.
1342 3136 1416 3200 Vid.

263 3227 368 3291 Famil.
387 3229 513 3310 Byzant.
556 3251 688 3290 nucina.

349 3317 428 3395 Pug-
450 3322 509 3386 24.
532 3321 562 3381 7.
605 3309 693 3390 Ὀξιίς
707 3310 762 3395 μὲν
776 3305 818 3392 ἦν
837 3308 895 3393 τὴν
910 3307 1030 3394 ὁρμὴν]
1052 3312 1173 3372 Nicetaa
1187 3311 1221 3371 in
1236 3308 1345 3370 Alexio
1360 3307 1414 3370 lib.

263 3399 317 3464 Ill.
330 3423 361 3460 n.
382 3401 421 3462 11.
441 3402 479 3462 de
500 3400 678 3462 Theodoro:
707 3401 832 3476 νεανίας
852 3399 1013 3481 τολμητίας
1032 3397 1086 3461 καὶ
1109 3398 1254 3481 ῥαγδαῖος
1273 3391 1354 3479 ιιρδς
1374 3390 1414 3457 ια’

262 3486 400 3568 πολέμια.
440 3507 570 3548 Ducena.

348 3575 427 3654 Peg·
449 3577 579 3648 24,11.
623 3561 702 3634 'Att'
726 3563 921 3651 ἐκιβδήλενεν
943 3563 1059 3649 αὐτὴν,
1089 3561 1187 3653 duplo
1213 3559 1360 3637 πολλάκις
1385 3563 1417 3637 ἔς

261 3653 300 3720 τοί
318 3652 478 3738 πράγματα
493 3653 665 3740 χρώμενος]
689 3650 805 3734 adello,
829 3655 947 3715 seilicet
963 3651 1021 3736 τήν
1044 3653 1157 3716 ἑαυτοῦ
1178 3648 1298 3732 ὁρμὴν,
1319 3651 1416 3708 nimia

252 3741 451 3828 festinatione
474 3741 630 3804 ίοαᾶοιακι
650 3739 735 3802 illum
756 3743 895 3821 impetam
916 3736 1133 3819 corrumpebat.
1178 3737 1248 3812 Quo
1262 3738 1362 3796 minua
1377 3734 1416 3794 de

262 3827 437 3888 Latinorum
452 3829 568 3908 impetu
584 3826 724 3886 hebetata
740 3827 923 3902 intelligam,
945 3826 1061 3884 iaciunt
1075 3823 1185 3899 verba,
1208 3816 1277 3884 ἄλλ’
1293 3814 1417 3899 ἐκιβδή-

261 3917 348 3976 λευεν
363 3909 471 3993 αὐτήν.
505 3913 591 3987 Quae
607 3911 753 3972 senitentia
770 3911 796 3971 ai
814 3913 863 3972 oui
884 3912 992 3990 placet,
1015 3909 1060 3968 aio
1075 3918 1191 3970 vertat:
1214 3905 1295 3967 Nam
1309 3903 1416 3965 auditis

260 4013 288 4057 et
309 3997 522 4082 inexspectatis
546 3995 786 4082 impressioaidaa
813 3999 954 4079 impetum
980 3992 1104 4056 illoram
1136 3990 1327 4067 retardabat,
1354 3999 1413 4050 ete.

259 4103 408 4146 woaraua.
965 4127 971 4135 -
1100 4135 1105 4143 .

344 4175 423 4254 Pag.
446 4173 504 4242 24,
528 4175 579 4238 te.
623 4164 757 4232 Σίνισιν
772 4168 913 4230 τλοαταῖν
931 4161 1089 4246 φασικιξνλ
1109 4162 1230 4226 Ioaaaia
1243 4159 1350 4224 laudea
1362 4168 1415 4220 et·

259 4255 328 4336 tigit
344 4258 434 4320 etiam
449 4257 628 4341 Acropolita
643 4277 674 4320 u.
687 4255 750 4317 Lll.
772 4263 851 4318 extr.
893 4273 1026 4315 uuoaaa.
