3067 4792
275 288 352 368 898
588 296 824 371 NICEPHORI
844 297 1087 372 GREGORAE

114 481 141 529 u.
155 454 594 551 Μ.6859ἀιαγκασθησόμενοι.
626 462 675 531 ded
698 467 750 533 καλ
770 463 870 533 αάτοῦ
889 465 1100 555 περιμένοντες
1122 462 1161 535 τό
1181 464 1262 533 moisi
1284 463 1380 533 dress·

244 568 442 669 Βτελίκειμεν
456 573 513 652 τῆς
525 566 642 655 ἡμέρας
655 564 824 657 ῦπαιθροι,
851 567 919 654 άμα
931 578 977 663 τῷ
987 566 1066 662 ἧλίρι
1080 571 1133 637 καί
1153 574 1224 646 ταῖς
1240 574 1382 656 θεριναῖς

277 675 404 747 έκείναις
437 671 552 757 ἀκμαῖς
575 677 634 758 τῆς
655 675 800 761 αἰθερίας
828 675 959 757 καμίνου
983 670 1180 762 φλεγόμενοι,
1206 671 1295 740 ένδον
1314 678 1379 739 τῶν

272 780 475 863 θεωρητικῶν
483 776 601 843 ἐκείνων
614 774 831 861 εὐωχουμένων
841 774 1208 865 ἀνάρῶνμυοτικῶτερον.
1227 776 1274 866 (Γ
1271 773 1295 862 )
1302 772 1378 863 Ἄρ-

205 884 206 887 ’
275 906 306 949 τι
324 880 359 947 δὲ
378 884 434 944 τοῦ
454 875 542 963 ἡλίου
563 881 632 965 περὶ
652 881 812 966 σταθερὰν
833 880 969 969 ἀκριβῶς
989 882 1152 967 γενομένου
1179 878 1239 967 τὴν
1254 884 1403 964 pronun-6

275 986 385 1075 βρίαν,
414 982 464 1047 dui
482 981 537 1049 τάν
553 981 676 1073 Ἀλεξίρι
699 980 795 1049 πάλαι
813 991 859 1075 τῷ
880 990 1006 1067 βασιλεῖ
1023 983 1205 1070 ῦομηθέντα
1223 980 1380 1069 μετῄεσαν

155 548 205 600 1nd.
215 544 234 603 4

275 1089 446 1171 τρίκλινον·
473 1084 552 1151 ἔνθα
568 1084 607 1169 δὴ
622 1086 826 1171 προκειμένων
840 1094 903 1154 τῶν
923 1085 1074 1175 βάθρων,
1103 1088 1134 1154 oi
1155 1086 1304 1174 ἀρχιερεῖς
1326 1088 1379 1153 καλ

250 1190 311 1257 coi
332 1184 535 1277 πρεσβῦτεροι
558 1186 710 1276 συνῄεσαν
740 1188 807 1272 ἅμα
832 1196 878 1280 τρῦ
902 1197 1041 1275 βασιλεῖ,
1068 1186 1377 1272 συνδιασκεψόμενοι,

277 1296 350 1382 πρὶν
364 1288 448 1378 ἡμᾶς
460 1290 598 1372 είσιέναι,
626 1292 667 1359 τά
684 1288 780 1359 πάλαι
801 1291 949 1371 πολλάκις
966 1294 1175 1379 μελετηθέντα
1190 1318 1224 1359 τε
1245 1295 1297 1358 καὶ
1319 1316 1378 1359 συ-

275 1394 489 1463 σκευασθέντα
509 1392 708 1479 βουλεῦματα
729 1396 811 1463 καθ’
835 1394 942 1482 ἡμῶν,
968 1404 1036 1475 πῶς
1057 1396 1097 1463 ἀν
1116 1394 1165 1463 int
1190 1401 1298 1483 καιροῦ
1319 1401 1422 1462 suisio

276 1503 320 1577 είς
339 1500 436 1587 πέρας
450 1498 530 1585 dyas
545 1498 592 1584 εἴη
615 1498 722 1576 αὐτοῖς
737 1498 869 1577 εῦπετῶς
889 1526 924 1567 τε
948 1496 1062 1579 καλῶς
1082 1498 1122 1567 ἀν
1142 1509 1208 1576 τοῖς
1223 1506 1378 1586 παροῦσιν

244 1602 444 1703 ..ἀκροαταῖς
466 1600 652 1687 ἀγνοηθείη,
678 1599 822 1671 λαθόντα
837 1602 886 1671 ὅτι
906 1604 960 1683 ξῦν
974 1601 1058 1694 ῦόλρι
1077 1603 1255 1691 πέπρακταί
1270 1628 1305 1669 τε
1325 1604 1378 1667 καλ

276 1701 582 1793 δεδραματοῦργηται
605 1711 753 1774 πολυετεῖ.
796 1704 946 1794 εἶσῄειμεν
965 1708 997 1774 δ’
1025 1699 1081 1774 οῦν
1109 1706 1171 1790 ἀψὲ
1195 1708 1248 1772 καί
1275 1702 1375 1791 ἡμεῖς,

242 1816 339 1877 θεῶν
359 1794 515 1898 θυρωρῶν
536 1806 741 1878 καλεσάντων,
775 1812 827 1875 καλ
846 1808 863 1877 ὅ
883 1810 1031 1894 βασιλεῦς
1045 1809 1198 1898 εάθῦςτρῦ
1214 1808 1378 1898 εάαγγελίιμ

275 1912 488 2002 παρακειμένῳ
503 1910 710 1999 προσκύνησιν
731 1912 901 1998 ἀπονείμας
918 1920 1083 2000 βραχεῖαν,
1111 1910 1202 1998 ἧμῶν
1214 1937 1248 1999 γε
1265 1914 1375 1992 ε’ίνεκοι,
1386 1922 1422 1979 15

274 2017 377 2082 πολλὰ
396 2012 543 2091 πολλάκις
561 2015 619 2093 τὰς
641 2022 699 2101 τῆς
718 2018 809 2093 θείας
828 2020 881 2081 καὶ
903 2020 1112 2102 οίκουμενινῆς
1134 2017 1224 2099 έκτης
1242 2011 1377 2080 συνόδου

274 2124 466 2203 προτεθῆναι
481 2114 606 2203 πράξεις
622 2118 853 2201 ἀπαιτούντων,
880 2119 962 2185 κατά
976 2120 1033 2206 τὴν
1047 2121 1111 2188 ἐκεῖ
1127 2124 1184 2186 τοῦ
1200 2116 1270 2186 τότε
1282 2124 1379 2201 βασι-

273 2222 351 2299 λίως
371 2217 579 2303 κατάστασιν,
607 2224 658 2287 καί
679 2222 754 2297 τοῦς
769 2220 883 2308 ὅρκους
900 2222 1045 2308 γενέσθαι
1060 2226 1113 2289 καί
1127 2230 1184 2289 νῦν
1198 2220 1253 2309 tp'
1267 2217 1377 2306 ἡμῶν·

274 2322 378 2391 έπειτα
394 2320 488 2403 αῦτός
508 2350 541 2392 τε
561 2321 687 2392 ἐκάθισε
712 2326 763 2389 καλ
783 2323 851 2408 ἅμα
872 2322 951 2409 ὁμοῦ
973 2337 1037 2403 τοῖς
1054 2326 1161 2402 ἀλλοις
1178 2328 1379 2408 καθεσθῆναι

242 2427 495 2517 Επροάτρέογατο
509 2425 665 2513 antipae.
719 2425 791 2517 (A.)
816 2428 931 2514 Λόγειν
951 2430 985 2495 d’
1010 2426 1184 2515 ἀρξάμενος
1208 2428 1421 2513 παρεμίγνυθ)

274 2543 341 2609 τοῖς
354 2532 527 2618 λεγομένοις
546 2534 598 2598 καλ
613 2530 725 2619 ῦρκους
742 2532 985 2615 διεσπασμένους
1006 2531 1093 2609 τινάς
1117 2532 1169 2597 καὶ
1189 2525 1378 2616 αίνιγμάτῶ-

273 2640 354 2719 decc,
382 2632 577 2724 έπορῶμενός
590 2660 656 2712 πως
668 2630 770 2725 ἑαυτῷ
783 2638 834 2701 καί
848 2635 965 2713 τέκνοις
977 2634 1129 2722 ἀλεθρον,
1158 2635 1186 2698 εί
1202 2639 1247 2721 τῷ
1260 2630 1304 2699 r‘ri
1319 2630 1378 2716 μί-

273 2768 319 2831 ρει
341 2736 515 2828 πρόσθοιτο
536 2738 593 2825 τὴν
613 2735 738 2827 γνῶμην
758 2734 941 2807 ὁποσονοῦν.
985 2740 1037 2805 καί
1059 2730 1118 2822 ἦν,
1139 2733 1183 2814 ῶς
1200 2735 1310 2814 ἔδειξεν
1323 2736 1377 2801 tu

341 2888 369 2943 2.
386 2879 447 2956 ἀρα
462 2900 513 2940 em.
523 2884 599 2939 Bois.
616 2902 664 2957 pro
681 2880 748 2941 ἀνά.

271 3021 340 3077 quae
360 3004 418 3059 iilos
439 3008 546 3073 cogeret
565 3004 705 3075 peregrina
724 3002 846 3073 dogmate
865 3000 987 3073 ampiecti
1007 3007 1036 3055 et
1056 2999 1175 3055 adorare.
1209 3000 1303 3073 Itaque
1322 3000 1378 3056 illie

271 3090 389 3142 magnum
408 3072 461 3125 diei
499 3082 581 3127 artem
601 3074 773 3142 exspectando
790 3070 1009 3142 consumpsimus,
1031 3070 1112 3155 idque
1131 3071 1253 3136 subdio,
1275 3071 1332 3124 soie
1348 3077 1378 3124 et

271 3144 382 3199 aestatis
397 3141 485 3195 ardon
503 3158 533 3193 us
547 3142 698 3205 torrefacti3
716 3159 773 3193 cnm
785 3141 886 3194 interea
900 3138 1028 3210 praeclari
1042 3140 1079 3192 ilis
1093 3140 1307 3209 contemplatores
1321 3158 1378 3210 my·

271 3212 338 3266 atico
352 3211 472 3264 convivio
487 3228 545 3264 sese
558 3210 628 3263 iuius
641 3210 801 3263 sanctissime
814 3209 983 3263 oblectarent
1018 3209 1097 3277 (ΙΙΙ.)
1113 3208 1220 3262 Demum
1239 3212 1304 3262 hora
1318 3210 1377 3278 ipsu

271 3281 428 3343 meridiana,
446 3296 503 3333 eum
517 3280 578 3333 solis
594 3279 682 3332 ierem
700 3278 823 3333 maximus
837 3286 893 3344 est,
910 3280 937 3332 in
950 3277 1090 3332 triclinium
1104 3278 1137 3331 ab
1151 3278 1242 3332 Alexio
1264 3278 1298 3331 im
1362 3304 1378 3318 ·

270 3362 329 3405 tore
349 3348 475 3421 quondam
494 3357 652 3402 exstructum
669 3354 819 3412 transeunt,
835 3358 915 3419 utque
930 3349 1007 3413 iiiuc,
1032 3348 1196 3419 praeparatis
1212 3349 1262 3399 ism
1276 3294 1377 3400 suffi-

269 3421 331 3486 iiis,
348 3420 484 3491 pontifices
503 3425 531 3471 et
547 3417 694 3489 presbyteri
711 3436 759 3471 una
777 3435 833 3470 oum
850 3418 1006 3490 imperatore
1020 3417 1191 3481 conveniunt,
1208 3414 1377 3469 deliberaturi

268 3490 338 3543 inter
357 3508 401 3553 se,
424 3498 560 3557 antequam
577 3505 623 3539 nos
641 3486 847 3553 introducemur,
863 3488 990 3558 quomodo
1004 3504 1052 3551 ea,
1069 3502 1137 3557 quas
1148 3485 1299 3555 iampridem
1320 3484 1379 3538 nni·

269 3574 310 3613 mo
325 3560 511 3613 meditarentur
524 3566 551 3611 et
563 3558 699 3610 adversum
717 3574 763 3610 nos
776 3564 924 3622 struerent,
940 3557 1028 3609 oblate
1042 3554 1145 3608 tandem
1164 3556 1316 3619 occasione,
1333 3556 1377 3608 ia-

269 3627 320 3681 siie
336 3628 370 3680 ad
386 3626 480 3681 exitum
493 3626 643 3696 perducturi
657 3632 762 3690 essent3
780 3626 819 3680 ita
832 3634 863 3680 ut
872 3644 929 3681 mox
943 3624 1051 3678 affuturi
1065 3625 1197 3678 auditores
1214 3642 1264 3677 non
1278 3624 1376 3677 intelli·

303 3703 376 3761 reut,
393 3696 478 3749 dolum
491 3712 547 3750 eum
561 3712 618 3749 esse
632 3695 719 3749 multis
738 3695 814 3749 annis
830 3697 985 3750 fabricatum
1001 3702 1029 3747 et
1042 3694 1183 3747 artificiose
1197 3695 1374 3764 oompositum.

268 3714 388 3820 &aridem
401 3774 429 3819 et
442 3782 488 3819 nos
501 3782 616 3835 quoque,
635 3782 651 3818 a
663 3764 816 3818 ianitoribus
827 3764 923 3829 vorati,
939 3763 1110 3819 introivimus.
1144 3764 1212 3817 Tum
1226 3764 1315 3816 statim
1326 3764 1376 3817 isu-

302 3844 374 3889 rator
382 3835 527 3906 appositum
541 3835 701 3903 evangelium
714 3835 789 3889 brevi
802 3834 953 3888 adoratione
964 3841 1135 3903 prosequutus
1142 3842 1193 3895 est,
1209 3834 1286 3885 nobis
1300 3833 1378 3886 vide-

289 3912 332 3957 eet
348 3924 380 3959 sa
399 3921 479 3974 opera
502 3904 693 3958 satisfacturus.
736 3904 804 3958 Nam
824 3912 855 3957 ut
872 3902 1031 3957 merossueti
1056 3900 1124 3954 sexti
1140 3902 1246 3955 ooucilii
1283 3918 1377 3955 eneru-

267 3972 300 4027 iis
312 3980 373 4028 actu
389 3974 586 4038 exhiberentur,
605 3982 684 4045 prout
699 3982 801 4027 centum
815 3982 886 4027 esset
904 3970 1088 4026 eonstitutione
1108 3970 1233 4041 principis
1250 3921 1294 4024 iiio
1309 3979 1377 4024 tem·

267 4060 332 4115 pore
344 4043 511 4113 imperantis,
528 4050 556 4097 et
565 4050 595 4097 ut
606 4060 676 4097 nuno
688 4060 793 4129 qnoque
808 4042 985 4112 praesentibus
997 4040 1072 4093 nobis
1084 4037 1223 4105 iuraretur,
1241 4041 1318 4094 etiam
1333 4046 1377 4094 st-

267 4130 320 4183 que
343 4112 421 4167 etium
445 4112 608 4183 petieramus.
656 4110 760 4167 Deinde
775 4117 804 4165 et
820 4112 879 4182 ipse
896 4110 981 4175 sedit,
1004 4116 1099 4163 einos
1119 4110 1197 4162 etium
1220 4110 1295 4163 simod
1316 4127 1375 4167 cum

267 4183 325 4237 aliis
342 4184 436 4237 sedere
453 4182 540 4237 iussit.
587 4181 665 4251 (IV.)
683 4186 768 4252 Atque
788 4182 832 4235 iiie
849 4181 920 4251 ioqui
943 4196 1053 4235 exorsus
1078 4179 1190 4232 orationi
1206 4195 1269 4232 snae
1290 4178 1375 4231 inter·

265 4252 372 4306 serebat
383 4252 528 4305 iuramenta
539 4252 668 4323 quaedem
680 4268 747 4320 vagu
759 4261 788 4305 et
801 4251 941 4321 perplexa,
958 4248 1009 4302 sibi
1025 4246 1078 4317 ipsi
1096 4256 1125 4301 et
1138 4247 1229 4301 liberis
1244 4247 1299 4301 suis
1317 4247 1375 4300 exi·

267 4320 331 4375 tium
343 4322 420 4395 quasi
432 4321 614 4397 inpreesndo,
632 4321 761 4393 τίηιιονίι
775 4320 851 4377 nodo
865 4319 942 4374 alteri
964 4316 1035 4389 parti
1046 4318 1165 4373 heusta
1180 4324 1308 4390 erantque
1318 4316 1375 4372 eius
