3067 4792
291 256 367 335 694
594 268 831 341 NICEPHORI
850 270 1094 343 GREGORAE

127 452 156 505 t.
168 452 202 503 tu.
213 448 283 507 6852
291 434 406 519 σχίσεις
420 434 533 503 ἐκείνου
547 436 704 514 δείξαντος
716 439 976 527 Καντακουζηνῷ,
1001 436 1088 518 idota
1101 436 1160 517 τάς
1171 433 1318 515 τοιαότας
1328 438 1398 505 ἐπι-

160 524 210 573 h‘l·
223 523 256 577 ¹²
290 541 377 615 νοίας
392 537 509 625 ἕτίραις
522 542 798 626 κατασοφίσασθαι
813 540 1015 627 βαθυτίραις.
1032 541 1205 628 ,,χρήματα
1216 543 1276 628 γάρ
1291 542 1333 618 εἰς
1345 542 1397 607 dl-

259 643 366 724 Εκα,”
381 646 468 730 φησὶ,
490 693 501 726 ,
505 639 663 727 ,χιλιάδων
676 643 811 709 ἐπέκεινα
827 644 966 731 ἀριθμόν
980 644 1107 713 ἀνιόντα
1121 657 1188 722 τοῖς
1213 647 1397 724 Βυζαντίοις

289 744 505 827 ἐκθεόωκόσιν,
532 748 621 833 σφίσι
633 748 690 828 μέν
709 748 801 830 ζημία
818 749 945 832 μεγίστη
957 750 1069 833 γίνεται
1091 752 1143 815 καί
1155 749 1303 815 ἀσθένεια
1317 747 1397 835 πρός

288 849 330 915 τά
345 846 512 932 πολεμικά·
529 846 603 933 ήμΐν
619 850 654 915 δέ
666 854 816 933 λαβοῦσιν
829 850 916 934 ἰσχάς
929 854 1131 937 προστίθεται
1143 850 1231 935 μάλα
1244 853 1420 937 κρατίστη5

289 952 367 1039 πρὸς
375 952 409 1019 τό
424 960 480 1037 τῆς
494 960 597 1036 κοινῆς
610 956 742 1037 ταυτησὶ
755 950 857 1039 μάχης
871 952 1073 1021 κλυόοίνιον.”
1099 954 1219 1023 τούτων
1232 956 1337 1020 τοίνυν
1354 956 1398 1029 είς

291 1061 385 1121 τοῦτο
398 1056 525 1140 μελέτης
540 1054 648 1123 ἐόντων
671 1059 722 1123 καί
742 1053 821 1142 πρός
844 1083 878 1142 γε
900 1056 1048 1140 μειζόνων
1065 1060 1114 1124 ἐπὶ
1129 1056 1253 1135 τούτοις
1271 1054 1394 1142 ἐτέρων,

293 1160 345 1225 καί
362 1157 429 1242 ἅμα
443 1160 687 1245 προστιθεμένης
702 1162 752 1225 καὶ
765 1166 822 1243 τῆς
833 1166 891 1227 τοῦ
906 1164 1063 1246 Περσικοῦ
1077 1162 1289 1246 ταλαιπωρίας
1299 1184 1399 1246 στρα-

293 1268 351 1329 τοῦ
361 1312 371 1343 ,
399 1258 491 1328 όποία
505 1266 555 1327 καί
570 1261 627 1348 ὅση
643 1260 800 1347 διάγουσιν
814 1263 847 1329 ἐν
860 1263 1009 1355 ἀλλοτρίᾳ
1023 1270 1078 1351 γῇ,
1105 1267 1158 1331 καί
1170 1265 1267 1348 μηδὲν
1281 1266 1325 1340 είς
1339 1262 1399 1327 nri-

265 1362 392 1449 Ὲτάριιη
413 1362 564 1433 τοσοάτου
588 1372 724 1451 στρατοῦ
747 1367 914 1453 κεκτημένη
930 1370 1071 1450 δίαιταν,
1101 1366 1197 1459 ᾤχετο
1218 1365 1333 1445 διαβάς
1354 1368 1398 1441 είς
1408 1382 1443 1435 10

288 1468 394 1534 Ἀσίαν
409 1464 426 1534 ό
444 1466 606 1555 σατράπης
622 1468 738 1553 Ἀμοῦρ
761 1470 840 1552 μετὰ
861 1477 918 1553 τῆς
943 1466 1118 1552 δυνάμεως,
1146 1466 1399 1555 ἐπαγγειλάμενος

294 1572 386 1661 ὀλίγῳ
409 1570 538 1658 ὕστερον
561 1574 722 1659 ἐπίκουρος
742 1568 940 1659 ἰσχυρότερος
963 1576 1211 1661 Καντακουζγνῷ
1228 1569 1397 1654 ἐπανήξειν.

195 1680 288 1743 Ρ.434
369 1669 411 1757 β’.
438 1675 533 1740 Κατὰ
555 1675 589 1739 (id
611 1682 722 1742 τοῦτον
744 1674 800 1742 τόν
819 1673 933 1761 χρόνον
950 1677 1080 1753 ἐξαίσιοί
1096 1701 1175 1751 τινες
1189 1672 1399 1762 άνεῤῥάγισαν

294 1778 375 1844 κατὰ
390 1779 562 1857 Βυζαντίου
576 1780 627 1842 καί
642 1785 704 1845 τῶν
720 1778 818 1844 αὐτοῦ
842 1780 1033 1864 προαστείων
1054 1781 1174 1863 σεισμοὶ
1194 1780 1245 1843 καὶ
1260 1778 1399 1865 βρασμοί

294 1878 472 1961 θαλάττιοι,
491 1882 541 1945 καί
557 1876 598 1957 ὥς
611 1882 645 1945 ἐκ
657 1879 848 1967 πετροβόλου
863 1888 970 1966 θυμοῦ
985 1879 1123 1969 πλήρους
1136 1881 1307 1970 ἐρρίφησαν
1319 1879 1400 1945 κατὰ
1408 1899 1443 1953 15

294 1991 359 2049 τῶν
375 1990 431 2067 τῆς
445 1989 501 2067 γῆς
519 1992 645 2069 καρπῶν
655 1982 805 2067 χάλαζαι·
833 1981 875 2062 ὦς
893 1986 991 2051 ἐκεῖνα
1006 1992 1062 2071 τῆς
1080 1991 1204 2073 γραφῆς
1215 1994 1398 2066 συμπεσεῖν·

295 2084 480 2171 ψεάσασθαι
494 2085 581 2172 ἐργον
596 2088 718 2169 ἐλαίας,
747 2089 799 2152 καί
818 2088 861 2154 τά
873 2090 964 2154 πεδία
978 2088 1023 2172 μὴ
1039 2095 1165 2173 ποιήσαι
1180 2094 1315 2174 βρῶσιν·
1342 2110 1401 2152 συ-

295 2197 354 2274 ιιήν
373 2216 406 2257 τε
427 2188 471 2273 μὴ
496 2185 734 2277 καρποφορῆσαι
755 2192 806 2255 καί
831 2188 1007 2277 γεννήματα
1032 2192 1064 2256 ἐν
1093 2202 1162 2267 ταῖς
1178 2190 1325 2274 άμπίλοις
1344 2188 1401 2254 οόκ

296 2290 391 2359 είναι·
419 2295 547 2357 ἐκλιπεῖν
567 2318 599 2357 τε
614 2292 675 2359 άπὸ
696 2290 843 2381 βρώσεως
866 2292 1012 2381 πρόβατα
1026 2297 1077 2361 καὶ
1097 2294 1142 2379 μή
1163 2291 1300 2381 ὑπάρξαι
1321 2289 1402 2375 βόας

267 2398 344 2461 Brut
364 2392 492 2483 φάτνας.
520 2394 680 2481 ἄρξασθαι
706 2396 812 2479 μίντοι
832 2397 947 2481 συνίβη
969 2397 1044 2473 τοὺς
1069 2394 1228 2473 τοιοάτους
1256 2394 1445 2479 σεισμοάςκο

293 2500 346 2567 καὶ
360 2496 488 2575 κλόνους
501 2505 556 2583 τῆς
568 2506 626 2585 γῆς
640 2501 672 2565 lv
683 2499 768 2588 μίσῳ
784 2525 844 2565 που
857 2507 901 2587 τῷ
917 2498 1109 2590 φθινοπώρῳ
1117 2550 1128 2581 ,
1157 2498 1227 2585 άρτι
1241 2506 1298 2564 rori
1312 2495 1401 2582 ήλίου

219 2616 224 2623 ’
294 2602 338 2669 τά
353 2610 410 2667 τοῦ
427 2603 577 2689 σκορπίου
594 2605 742 2689 προοίμια
756 2600 1039 2687 παραλλάττοντος.
1065 2607 1118 2669 καί
1131 2603 1188 2686 τήν
1200 2603 1258 2682 μὲν
1274 2599 1401 2686 πριότην

296 2702 416 2792 ήμίραν
435 2707 483 2782 δίς
501 2706 616 2783 ἐτίναξε
634 2706 690 2789 τήν
705 2711 762 2791 γήν
780 2702 797 2771 ό
812 2703 905 2781 θεός·
932 2704 1014 2773 οὕτω
1031 2732 1066 2791 γε
1081 2706 1144 2790 μὴν
1159 2707 1331 2791 ἐμβριθοῦς,
1349 2700 1402 2792 1ιίις

296 2808 473 2895 ἀπογνῶναι
495 2808 569 2885 roric
593 2811 754 2885 πλείστους
769 2807 805 2876 τό
822 2811 876 2896 ζῇν
889 2805 952 2875 ὑπὸ
969 2811 1074 2887 δίους·
1102 2810 1201 2885 οίκίας
1216 2832 1250 2873 τε
1264 2831 1401 2873 καταπε-

296 2974 335 3041 (V
336 2972 360 3039 ,λ
379 2973 453 3036 Quae
465 2973 509 3026 ille
519 2970 719 3042 pollicitationes
733 2990 810 3041 quum
824 2971 1006 3025 Cantacuzeno
1019 2970 1174 3036 indicasset,
1192 2970 1293 3043 placuit
1305 2970 1402 3024 machi-

293 3042 425 3097 nationem
437 3042 505 3095 illam
518 3040 653 3095 occultiori
663 3042 851 3097 machinatione
862 3042 976 3095 eludere.
1010 3040 1162 3106 „Etenim”
1179 3041 1274 3109 inquit,
1290 3040 1339 3113 „ei
1349 3041 1403 3109 By-

295 3110 377 3163 auntii
391 3128 470 3180 cupra
483 3112 570 3164 decem
585 3109 688 3164 ntilliuru
703 3128 823 3163 summam
837 3110 1042 3174 numeraverint,
1060 3112 1177 3163 damnum
1195 3111 1248 3163 erit
1260 3108 1323 3162 illud
1339 3108 1404 3178 ipaia

293 3180 437 3243 manuum,
456 3188 484 3232 et
494 3179 575 3234 minua
589 3180 669 3233 multo
683 3180 776 3233 virium
789 3181 824 3233 ad
837 3179 930 3232 bellum
942 3180 1080 3247 gerendum
1095 3178 1232 3249 supererit.
1258 3178 1344 3232 Nobie
1355 3196 1404 3231 au-

223 3264 227 3270 '
294 3257 363 3312 tem,
381 3249 405 3301 ai
418 3247 600 3317 acceperimus,
617 3249 689 3303 virae
700 3248 776 3319 longe
788 3249 911 3315 marimae
924 3248 1049 3301 accedent
1061 3249 1095 3301 ad
1106 3248 1280 3301 sustinendum
1292 3264 1405 3301 commu·

294 3317 336 3371 nia
347 3318 423 3371 huius
436 3317 497 3369 belli
511 3316 635 3371 eentum.'’
670 3319 701 3371 ln
714 3318 782 3371 hanc
794 3317 832 3369 illi
848 3318 1028 3385 cogitationem
1041 3336 1098 3370 cum
1109 3318 1248 3380 ventarent,
1266 3332 1297 3368 ac
1306 3316 1405 3369 maiora

295 3387 404 3455 iucuper
423 3386 476 3441 alia
498 3390 678 3454 reputassent,
703 3386 884 3439 accedentibus
897 3386 976 3439 eimul
993 3386 1095 3439 Paraloi
1115 3386 1245 3439 exercitur
1265 3385 1403 3446 aerumnis,

296 3457 387 3526 quales
405 3464 433 3508 et
445 3464 556 3525 quantae
573 3456 593 3508 ii
607 3455 749 3524 patiuntur,
767 3454 813 3524 qni
830 3464 938 3508 externo
951 3454 1046 3508 incolo
1059 3454 1174 3525 degunt3
1192 3454 1345 3537 praesertim
1358 3454 1404 3507 ubi

296 3524 361 3577 nihil
374 3526 452 3589 ineat,
466 3542 518 3595 qno
531 3524 568 3577 eli
582 3524 665 3593 poscit
675 3533 749 3577 tanta
760 3523 909 3580 multitudot
922 3524 988 3577 abiit
999 3528 1231 3593 rampadmurnu
1244 3531 1272 3574 et
1280 3522 1309 3574 in
1317 3522 1405 3575 daiam

296 3610 354 3647 cum
372 3594 460 3715 copiila·
472 3592 594 3659 traiecit,
612 3593 743 3664 pollicitus
757 3594 938 3647 Cautacuaeno
950 3593 1092 3648 recturum
1105 3611 1134 3648 ae
1147 3594 1222 3647 brevi
1234 3590 1404 3645 validioribua

297 3679 354 3715 cum
373 3680 433 3715 auin
444 3680 484 3717 ιιι.

365 3733 391 3785 2
410 3732 463 3785 Per
476 3730 541 3784 illud
558 3735 659 3801 tampua
681 3730 782 3784 ainiatri
800 3730 902 3802 qnidam
919 3735 1093 3803 proruperunt
1111 3730 1140 3783 in
1152 3728 1308 3798 Byzantium
1328 3736 1356 3783 et
1376 3728 1405 3783 in

297 3800 420 3870 Byzantii
442 3799 565 3853 suburbia
586 3808 672 3853 terrae
690 3808 774 3853 mutua
796 3818 826 3855 ac
847 3801 928 3855 maria
950 3800 1145 3855 efferveacentia
1165 3809 1267 3865 aestua,
1289 3800 1404 3868 ruitque,

289 3876 341 3927 tan
432 3887 464 3923 ex
479 3870 574 3923 baliata
586 3870 785 3934 violentissima,
801 3872 935 3939 grundiuia
948 3872 1029 3925 irnbar
1046 3871 1074 3921 in
1089 3870 1189 3922 fructur
1201 3876 1304 3935 terrae3
1322 3868 1360 3921 ite
1374 3874 1405 3937 ut

296 3940 341 3993 illu
376 3939 529 4009 Scripturae
551 3947 613 4008 apte
630 3938 750 3993 caderet:
777 3940 910 3993 mentitum
928 3957 988 3994 erae
1007 3956 1072 4008 opua
1097 3935 1198 4001 olivae,
1225 3946 1254 3989 et
1268 3954 1336 4000 mvn
1352 3954 1404 3988 non

295 4008 391 4063 leciese
403 4008 592 4073 eacant„tioum
605 4024 658 4061 non
664 4007 788 4065 attulisse
801 4010 922 4075 trudam,
940 4017 968 4077 et
981 4025 1032 4064 uon
1046 4006 1127 4063 luieae
1136 4005 1252 4075 germina
1264 4004 1292 4057 in
1304 4004 1404 4059 vinciar

295 4078 426 4134 delecirea
439 4080 471 4133 ab
486 4093 631 4141 crotonae,
649 4085 676 4130 et
690 4095 740 4131 uon
752 4075 837 4131 iniere
850 4080 931 4131 borea
949 4078 977 4130 iu
998 4075 1178 4146 praecepibaa.
1214 4074 1340 4128 Accidere
1356 4091 1406 4126 au-

294 4154 347 4200 tam
364 4146 469 4215 primum
482 4148 522 4201 illi
539 4154 626 4201 terrae
642 4154 728 4199 motua
744 4154 772 4202 et
783 4146 845 4199 illae
857 4145 1012 4213 agitationea
1026 4152 1147 4199 autumno
1160 4131 1218 4196 lara
1231 4139 1331 4207 medio,
1348 4158 1406 4197 cum

295 4215 333 4269 acl
348 4216 423 4269 initia
432 4215 538 4286 Scorpii
550 4225 655 4286 preater
674 4215 818 4270 cederetur.
852 4216 983 4284 deprimo
998 4214 1102 4284 quidem
1117 4212 1161 4266 die
1173 4210 1214 4282 bia
1227 4211 1298 4265 Deua
1311 4220 1406 4265 terram

294 4282 422 4354 agitavtn
438 4286 519 4357 idque
529 4291 604 4341 tauta
617 4234 758 4351 violantia,
773 4290 804 4353 ut
820 4283 936 4355 plerique
946 4301 1011 4355 prae
1024 4292 1095 4337 metu
1107 4275 1216 4349 aalutem
1227 4280 1405 4353 despuerent.
