3067 4792
410 252 647 327 fflsuoltlnn
665 254 947 329 BYZANTINAE
961 252 1051 329 xvi
1072 260 1105 329 d.
1241 247 1319 329 815

202 412 258 499 ξύν
278 444 311 506 γε
333 422 375 509 τῇ
398 416 598 507 προσηκούσῃ
618 420 748 512 προνοίᾳ
776 422 867 488 ταυτὶ
887 420 928 487 τά
954 419 1065 505 μέτριοι
1086 425 1151 489 τῶν
1166 416 1313 509 ῦπηκάυν
1330 430 1401 484 tc.
1411 426 1481 491 1347

204 526 367 591 διοικοῦντι
383 520 568 611 πράγματα,
592 524 709 603 ίξέσται
723 521 825 607 δήπου
838 528 888 590 καί
902 523 1039 609 μείζονάς
1053 526 1135 592 ποθ’
1150 503 1480 627 ἧνδμθνίαςῐηεὲζοῖῃ·

203 617 413 719 δπειλημμίνῳ
436 626 515 714 πρὸς
536 626 573 693 τδ
594 626 717 709 ἄμεινον
739 625 840 712 άγειν·
867 629 921 692 καλ
939 625 1007 709 ἅμα
1023 622 1071 704 οἷς
1087 628 1211 723 άφορηῖν
1230 637 1411 717 περι-Ρ.513

202 732 316 816 γίνεται
333 729 410 816 πρὸς
427 730 478 810 σὲ,
507 732 559 795 καλ
580 740 646 807 τοῖς
657 755 690 816 γε
711 741 779 805 σοΐς
792 726 954 797 δπώσποτε
968 736 1112 818 φιλοῦσιν
1126 733 1315 819 ἐγκαλλωπί-

173 835 314 913 σζεσθαι
330 829 563 919 προτερήμασι,
586 834 638 899 καλ
653 828 776 908 τούτοις
787 835 807 899 δ
812 832 823 858 '
846 825 886 899 οῦ
899 834 1030 916 βεβαίας
1050 835 1223 917 λελείψεται
1236 842 1314 903 κτῶ

205 942 283 1003 σθαι
300 938 490 1021 προσδοκίας
505 936 555 1001 lul
570 938 620 1001 σολ
629 985 640 1017 ,
665 933 737 1003 δσαι
752 943 810 1020 τῆς
828 934 954 1021 άγαδῆς
974 935 1089 1023 φλεβὸς
1105 936 1315 1027 άποβρίοοσαι

203 1041 274 1121 βίον
287 1040 489 1125 προμνῶντιιί
507 1061 614 1124 σφισιν
633 1038 813 1121 εὐδαίμονα.
843 1038 972 1123 οὐδεμία
987 1040 1047 1127 γὰρ
1070 1039 1343 1133 ίρῤιγδυμημίνηλλ

204 1143 256 1207 καλ
271 1139 538 1227 ἀνανταγώνιστος
551 1140 645 1229 άρετή
658 1147 811 1229 λαμπρῶν
825 1140 966 1219 ἀξιοῦται
979 1148 1087 1229 γερῶν,
1108 1139 1209 1210 ὁπόσα
1225 1170 1312 1233 περι-

204 1256 312 1331 φανεῖς
326 1240 473 1329 βραβεύει
495 1242 676 1331 στεφάνους.
704 1246 766 1311 ἐπεὶ
780 1247 831 1311 καλ
851 1242 1103 1334 circumdederit
1120 1249 1171 1311 καλ
1186 1243 1313 1333 γνώμην

158 1344 385 1433 ιοῆγεμονικὴν
408 1346 478 1412 οὔτ’
505 1345 596 1431 ῦφις,
629 1346 700 1415 orire
724 1350 872 1431 μαντικοί
892 1372 973 1425 τινες
998 1350 1157 1435 τρίποδες,
1188 1346 1220 1416 εἷ’
1235 1374 1314 1427 τινες

203 1448 263 1518 slav
273 1447 589 1537 χρηστηριαζόμενοι,
613 1461 680 1528 τοῖς
693 1457 820 1529 πολλοῖς
836 1447 952 1519 οῦτοισλ
964 1453 1183 1539 προσημαίνειν
1198 1448 1312 1519 δύναν-

203 1580 256 1621 ται
263 1601 274 1633 ,
301 1549 343 1629 ῶς
355 1550 376 1637 ἡ
390 1555 440 1619 ἐπὶ
454 1560 511 1637 τῆς
520 1554 630 1639 χρείας
637 1556 689 1619 καὶ
700 1560 763 1621 τῶν
776 1560 892 1641 καιρῶν
905 1551 1132 1638 άναλάμπουσα
1145 1564 1236 1642 πεῖρα
1248 1560 1313 1623 τῶν

203 1682 237 1724 τε
258 1651 360 1741 λύγων
381 1659 433 1721 καλ
455 1654 605 1743 πράξεων.
632 1662 758 1733 πολλοῖς
776 1656 837 1744 γάρ
857 1658 889 1735 l}
910 1654 1084 1743 άπειρίαςδ
1106 1658 1314 1746 φανταστικδς

205 1764 279 1835 νοῦς
293 1754 431 1845 μεγάλας
446 1756 616 1843 ὑποτίθησι
631 1756 777 1828 πλάττων
793 1760 935 1844 εύτυχίας
952 1785 984 1827 τι
1002 1763 1053 1827 καλ
1066 1756 1343 1847 praenomen

160 1876 197 1931 15
205 1858 350 1949 καθάπερ
373 1862 408 1927 αλ
432 1856 603 1949 ζωγράφισν
620 1872 720 1950 χεῖρες
743 1862 817 1939 τοδς
837 1860 954 1940 τύπους
970 1874 1035 1939 τοῖς
1046 1860 1211 1949 χρώμασι,
1239 1865 1313 1929 παί-

204 1968 314 2047 ζουσαι
330 1964 411 2031 κατά
430 1964 466 2031 τδ
491 1962 683 2049 βουλόμενον
698 1972 755 2052 τῆς
770 1972 885 2051 ψυχῆς.
911 1962 932 2052 ἦ
948 1968 967 2033 δ
971 1965 981 1991 '
997 1967 1031 2031 ἐκ
1043 1972 1105 2033 τῶν
1121 1962 1312 2053 πραγμάτων

203 2078 318 2155 πεῖρα,
345 2065 411 2133 οἷον
435 2066 576 2152 ἔμψυχος
600 2066 789 2145 διδάσκαλος
809 2069 1041 2154 καθισταμίνη,
1061 2069 1158 2155 μίγαν
1171 2068 1313 2153 ἐντίθησι

203 2178 298 2253 νοῦν,
321 2165 373 2238 elul
395 2170 647 2257 σωφρονέστερον
670 2173 715 2250 είς
728 2168 880 2257 ἁρμονίαν
892 2174 1085 2259 προδείκνυσι
1099 2173 1170 2256 βίου
1184 2172 1239 2239 τδν
1256 2170 1313 2239 άν-
1347 2175 1350 2179 ’

203 2280 347 2361 θρωπον.
371 2272 449 2359 Ἐγώ
465 2273 501 2341 δέ
513 2296 547 2341 σε
562 2278 613 2340 καλ
627 2274 772 2362 φραγμδν
786 2274 881 2342 οἱονεί
888 2300 957 2341 τινα
969 2277 1081 2360 τίθημι
1093 2282 1151 2359 τῆς
1163 2270 1313 2363 ἦμετίρας

160 2376 305 2463 ξοάρχῇς
319 2378 371 2442 καλ
393 2378 601 2465 ἐπικρατείας,
626 2374 669 2454 ῶς
684 2379 796 2457 ἐξεῖναί
813 2403 882 2459 σοι,
904 2380 992 2465 δίκην
1007 2385 1184 2465 προβλῆτος
1199 2378 1312 2445 άναδε-

207 2480 352 2568 δειγμίνῳ
361 2528 371 2559 ,
396 2480 454 2555 τδς
474 2476 541 2546 οἷον
559 2482 592 2559 ἐξ
611 2480 745 2564 ἀχανοῦς
765 2479 918 2567 πελάγους
930 2487 993 2549 τῶν
1009 2486 1193 2568 Τριβαλλῶν
1206 2482 1342 2568 romu-D

206 2584 282 2667 μίας
302 2588 422 2671 σεαυτῷ
440 2583 498 2666 μὲν
523 2582 669 2671 ἀφορμάς
685 2589 837 2671 λαμπρῶν
853 2582 975 2652 διδόναι
995 2585 1170 2671 τροπαίων,
1195 2593 1262 2660 τοῖς
1274 2582 1308 2649 δ’
1320 2582 1413 2644 Uli

205 2682 365 2769 ἡμετέροις
380 2682 551 2771 ἀσφάλειαν
564 2682 750 2772 πράγμασιν.
778 2688 811 2765 t}
825 2678 868 2754 ῶν
881 2687 1035 2775 περιέσται
1048 2712 1098 2753 σοι
1111 2684 1249 2768 μάλιστα
1261 2688 1314 2751 καλ

208 2784 337 2865 δπολῦς
355 2793 418 2853 τῶν
438 2788 569 2855 ἐπαίνων
588 2784 681 2872 ἑσμὸς
697 2790 730 2854 ἐκ
751 2794 808 2855 τοῦ
829 2795 932 2857 κοινοῦ
948 2796 1012 2857 τῶν
1024 2786 1183 2873 Ῥωμαίων
1194 2788 1310 2876 γάνους,

208 3016 340 3088 sapienter
346 3016 465 3087 imperes,
485 3024 561 3083 ελσε,
576 3034 627 3087 qua
635 3015 721 3081 decet,
734 3014 872 3087 prudentia
881 3015 1005 3071 modicam
1015 3016 1082 3071 banc
1096 3014 1310 3090 provinciamadss

207 3088 353 3155 ministres,
370 3087 460 3139 licebit
473 3086 600 3153 fortusse,
617 3084 720 3140 maioris
738 3084 876 3154 aliquando
888 3086 989 3157 imperii
1002 3086 1102 3158 potito,
1119 3094 1180 3141 tuas
1194 3102 1238 3139 res
1251 3080 1322 3155 pro·'

207 3157 305 3211 vehere
319 3158 346 3208 in
363 3156 468 3218 melius,
482 3154 607 3225 simulque
621 3156 670 3221 iis,
688 3155 734 3225 qui
746 3154 881 3208 intuentur
894 3155 922 3209 ln
933 3162 977 3219 te,
994 3166 1022 3209 et
1034 3158 1145 3210 bonores
1156 3161 1216 3209 tuos
1229 3155 1314 3209 nolent

208 3232 340 3295 utcunque
352 3224 402 3277 ribi
417 3223 556 3293 gratulari,
574 3242 635 3295 spes
647 3226 674 3279 iu
685 3234 713 3278 te
726 3232 829 3286 certas,
845 3224 913 3278 bono
926 3224 1027 3278 scilicet
1038 3227 1111 3280 tonte
1123 3226 1268 3287 derivatae,
1285 3230 1315 3276 et

208 3296 312 3349 beatam
326 3292 404 3347 vitam
417 3295 583 3363 spondentes,
598 3294 727 3363 integrum
741 3293 792 3345 erit
805 3292 940 3347 collocare.
964 3294 1041 3357 Quue
1052 3295 1119 3349 enim
1132 3294 1217 3347 virtue
1230 3292 1314 3345 otiosa

208 3370 294 3417 estet
312 3362 377 3415 nibil
395 3363 475 3415 babet
493 3380 548 3415 cum
565 3380 614 3433 quo
633 3365 762 3426 luctetur,
788 3378 821 3416 ea
833 3362 954 3433 praemiis
968 3364 1110 3432 magnificis
1127 3370 1155 3416 et
1170 3360 1314 3416 illustribus

209 3433 300 3503 palmis
316 3449 365 3485 non
382 3432 502 3485 donatur.
537 3432 661 3486 Nimirum
673 3430 781 3485 bominis
793 3431 1004 3501 intelligentiam,
1022 3441 1050 3484 et
1063 3432 1170 3486 animum
1183 3430 1253 3483 illum
1266 3430 1315 3482 im-

209 3503 283 3571 perio
298 3502 419 3569 dignum,
435 3500 562 3555 neonisio
576 3502 641 3568 ulla,
659 3519 707 3555 nec
719 3500 827 3555 raticini
840 3501 971 3572 tripodes,
988 3501 1011 3553 si
1023 3501 1200 3564 consuluntur,
1216 3500 1255 3552 ita
1266 3515 1315 3568 po-

210 3571 279 3641 pulis
291 3570 440 3634 declarant,
458 3579 489 3622 ut
500 3588 547 3635 ea,
565 3588 631 3641 quae
644 3572 670 3623 in
682 3588 731 3624 usu
745 3581 773 3622 et
786 3570 962 3623 occasionibus
975 3570 1075 3635 elucet,
1092 3570 1217 3623 dictomm
1229 3568 1315 3621 iacto-

210 3655 316 3721 rumque
334 3639 504 3708 experientia.
537 3642 577 3694 Ac
594 3640 679 3695 multis
696 3639 814 3711 quidem,
832 3640 895 3710 quia
914 3646 975 3692 sunt
994 3656 1081 3693 rerum
1100 3638 1196 3702 rudes,
1216 3636 1315 3691 animus

209 3706 345 3776 imaginum
364 3708 455 3779 plenus
472 3724 576 3775 magnae
595 3709 702 3775 obiicit,
720 3708 766 3762 sed
780 3709 873 3775 fictas,
889 3707 1027 3763 felicitates
1040 3716 1068 3763 et
1079 3706 1267 3769 beatitudines,
1284 3710 1315 3757 ut

210 3777 336 3845 pictorum
358 3792 446 3829 manus
465 3776 498 3829 ad
513 3777 613 3831 libitum
635 3778 752 3833 ludentes
766 3777 895 3849 quidlibet
908 3778 1036 3834 coloribus
1055 3778 1209 3849 exprimunt.
1243 3774 1316 3827 Usu·

210 3853 296 3897 autem
307 3860 407 3908 rerum,
424 3844 506 3898 veluti
521 3848 644 3917 magister
656 3848 747 3911 vimis,
764 3848 869 3903 multum
880 3848 1070 3918 intelligentiae
1082 3846 1209 3911 infundit,
1226 3849 1254 3898 et
1268 3843 1317 3897 bo·

210 3913 291 3966 mines
305 3914 332 3966 in
346 3910 401 3968 vita
416 3913 546 3985 sapienter
559 3916 717 3970 imtiureuda
730 3917 858 3971 cautiores
872 3925 998 3988 praestat.
1023 3916 1082 3987 Ego
1096 3932 1159 3969 vcro
1172 3914 1254 3967 nostri
1266 3912 1315 3965 im-

211 3983 278 4103 φετίἰ
293 3988 449 4049 nostraeque
465 3982 571 4037 ditionis
584 4002 682 4039 murum
700 3985 774 4057 quasi
792 3988 918 4055 quendam
935 3993 1023 4041 statuo
1035 3995 1073 4051 te,
1090 3992 1121 4041 ut
1132 3983 1226 4069 poesis,
1242 3978 1317 4051 rupit

223 4056 294 4103 mtar
310 4052 467 4104 constitutur
485 4052 610 4107 adversus
629 4054 723 4107 tinctus
741 4071 774 4107 ex
795 4056 923 4109 Triballis
945 4065 1065 4125 tauquam
1083 4072 1116 4109 ex
1132 4051 1235 4107 immani
1252 4066 1315 4120 pro·

212 4118 293 4172 tundo
312 4118 530 4183 effervescentes,
558 4122 608 4175 tibi
626 4122 729 4193 quidem
750 4130 914 4195 tropaeorum
933 4126 1071 4179 illustrium
1093 4121 1252 4177 occasionem
1267 4134 1316 4188 pa-

211 4196 294 4241 ratam
309 4190 419 4256 bebere,
441 4189 516 4243 nobis
530 4200 615 4244 autam
634 4192 797 4245 securitatem
829 4202 953 4249 raestare.
987 4195 1056 4249 Hinc
1075 4187 1269 4261 detinuistis,
1285 4194 1317 4241 ut

211 4272 304 4325 magua
321 4258 369 4311 tibi
388 4261 422 4315 ab
435 4259 503 4315 omni
515 4260 683 4315 Romanorum
696 4278 795 4333 genere
821 4262 913 4317 andum
929 4281 1006 4335 neges
1022 4262 1170 4325 tribuitur,
1186 4272 1317 4311 commune
