3067 4792
508 289 865 362 immineres.
1109 243 1111 248 ’
1168 285 1266 358 νοοι

111 447 213 510 rata-ix
231 471 252 516 a,
262 448 434 530 patriarcha
454 449 581 512 alienata
597 449 656 525 ait,
676 447 816 531 pluribus
834 448 961 532 exponit
976 449 1137 513 Cantacua.
1149 449 1203 513 lib.
1215 451 1267 512 lll.

115 554 153 592 ca
174 539 253 600 .98.
295 555 426 598 uucmo.

153 555 175 615 P
204 623 277 704 Pag-
298 625 378 696 768,
399 625 429 686 8.
471 616 533 684 Διὰ
547 616 677 700 zderad
688 613 783 700 νόμον
798 613 981 697 κατάλυσιν]
1003 617 1048 678 lle
1067 639 1128 699 quo
1144 621 1267 702 quidem

113 705 229 782 Temo,
251 715 282 765 et
301 705 424 783 synodo
441 706 789 788 Gonatammopolitana,
813 715 843 766 et
865 704 1073 765 connoveraia
1093 706 1173 766 iuter
1194 707 1268 768 Bar.

112 790 245 850 laamum
261 799 292 850 et
306 791 487 869 Gregorium
502 792 669 868 Palamam,
691 793 758 851 luae
780 790 841 868 egit
856 791 1055 850 Cautacuaen.
1076 789 1129 852 lib.
1144 791 1185 854 11.
1200 812 1266 874 cap.

114 879 169 940 89.
183 880 234 945 40.
245 876 298 934 ubi
316 876 518 938 consulendae
533 878 703 938 Gretaerue.
745 895 879 938 bucano.

203 963 276 1041 Peg.
298 965 377 1038 768,
398 962 431 1028 4.
472 955 556 1024 Ἐπεὶ
588 957 620 1024 d'
644 963 745 1044 ἔποχον
768 1005 914 1023 .......
934 957 1058 1040 δέσμιον
1089 957 1122 1024 ἐκ
1150 965 1267 1026 notiori

114 1041 281 1124 antixoona
301 1041 351 1107 adv
369 1047 539 1127 Παλαμᾶν]
561 1047 688 1106 Exstant
708 1048 740 1106 in
756 1047 868 1108 Codice
882 1046 975 1124 Regio
995 1043 1091 1112 2409.
1114 1065 1183 1106 cum
1207 1047 1265 1108 alia

113 1129 210 1189 multa
231 1131 369 1192 Palamae
391 1133 505 1212 scripta
522 1131 706 1210 theologica,
734 1142 801 1192 turn
821 1131 965 1212 epistolae
988 1129 1104 1210 aliquot
1125 1133 1265 1210 apologe-

112 1215 210 1290 ticae,
230 1215 263 1274 in
279 1216 388 1294 quibui
403 1219 540 1277 Palamae
554 1215 633 1278 hanc
646 1218 726 1278 vitae
739 1238 811 1276 auae
828 1226 943 1298 partein
960 1217 1025 1274 luee
1039 1227 1168 1276 enarrat.
1190 1216 1265 1277 lnde

112 1319 189 1374 noa,
210 1320 288 1379 quae
306 1300 345 1360 ad
362 1301 592 1379 chronologiam
613 1303 821 1382 pertinebant,
851 1303 961 1362 selecta
986 1302 1132 1380 quaedam
1161 1323 1266 1362 execr-

113 1386 241 1465 paimue.
285 1386 361 1446 Sunt
384 1398 484 1446 autem
506 1387 591 1448 haec.
632 1388 766 1446 Palamaa
793 1388 894 1466 coepit
915 1396 1073 1466 auepectua
1096 1407 1160 1448 esee
1184 1389 1265 1446 cirea

111 1470 202 1530 initia
220 1470 294 1530 belli
313 1471 413 1530 civilia
424 1471 459 1534 A.
473 1473 505 1533 C.
517 1473 713 1534 mcccxtu.
728 1471 801 1534 cod.
815 1473 885 1550 lleg.
899 1471 953 1533 lol.
967 1477 1041 1538 296.
1055 1491 1085 1529 v.
1110 1473 1188 1552 Περί
1202 1496 1264 1536 που

111 1551 152 1617 τοὶ
159 1554 301 1634 monada
314 1552 437 1636 πρότοοῖ
445 1559 594 1638 σωτηρίου
602 1552 726 1632 πάθους
737 1557 892 1637 νησαίμων
899 1553 1029 1640 ἡμερῶν,
1042 1556 1138 1634 idest,
1147 1557 1264 1618 circiter

112 1637 241 1700 madiam
259 1637 540 1722 Quadrageaimam,
562 1641 735 1723 patriarcha
747 1643 886 1702 Palamae
906 1639 1067 1718 significat,
1090 1651 1265 1721 ruopertum

112 1743 183 1784 eum
199 1724 257 1784 eibi
277 1735 307 1785 et
325 1726 477 1804 Augustae
500 1747 580 1803 eaeo,
603 1729 739 1808 petitque
757 1728 795 1786 ab
818 1747 870 1802 eo,
893 1736 927 1787 ut
941 1745 1042 1786 aecum
1061 1725 1100 1785 ad
1120 1725 1198 1785 hanc
1213 1745 1263 1786 ve-

111 1808 187 1882 niat,
210 1809 353 1872 delendae
361 1811 425 1870 eiua
433 1811 613 1890 suspicionis
620 1831 721 1887 cauea,
734 1813 788 1872 tol.
796 1813 870 1878 295.
878 1831 908 1870 v.
918 1811 972 1870 lin.
983 1810 1037 1874 ult.
1066 1809 1263 1872 lnllominica

112 1895 282 1956 Palmarum
301 1896 429 1975 appellit
448 1898 628 1975 Byzantium
648 1895 825 1978 ὅΠροὸτορ,
848 1896 881 1956 id
904 1907 958 1972 eet,
982 1897 1098 1956 Primae
1114 1907 1263 1958 monaste-
1350 1973 1353 1978 Ι

111 1979 229 2040 riorum
243 1980 352 2040 montio
367 1980 448 2040 Atho
462 1983 645 2057 moderator,
665 1982 720 2042 fol.
740 1987 814 2048 296.
830 2001 857 2040 v.
876 1981 928 2042 lin.
941 1987 971 2046 3.
1004 1979 1116 2042 Exacta
1130 1981 1263 2040 Domini.

113 2083 168 2124 cae
186 2066 336 2126 Panionia
361 2064 565 2142 hebdomade,
594 2087 630 2126 ac
654 2068 792 2146 aequanti
812 2066 949 2142 ineunte,
977 2066 1113 2126 Palamae
1133 2066 1262 2146 patriar.
1343 2104 1355 2124 ..

112 2148 203 2209 cham
226 2150 331 2210 inviait
354 2159 386 2210 et
406 2151 591 2230 Augustam,
619 2152 694 2212 ibid.
717 2153 771 2212 lin.
792 2157 821 2218 6.
866 2151 972 2210 Statim
989 2161 1058 2231 poet
1074 2150 1262 2211 Dominicam
1345 2157 1359 2218 {1

111 2239 175 2297 aeia
188 2231 285 2316 ἁγίων
298 2233 446 2316 πατέρων,
468 2236 547 2298 intra
562 2246 701 2296 octavam
713 2236 917 2312 deceptionis,
941 2237 1058 2298 confert
1071 2237 1146 2296 eain
1159 2257 1262 2296 mona.
1346 2243 1348 2250 “

112 2320 238 2380 uterium
259 2341 275 2381 e
295 2320 419 2397 regione
443 2322 581 2401 Byzantii
599 2323 704 2395 eitum,
724 2322 798 2382 ibid.
817 2319 919 2380 infima
943 2342 1013 2402 pag.
1055 2320 1144 2398 Inde,
1165 2341 1261 2382 verno

110 2413 263 2485 ternpore,
285 2407 317 2464 in
332 2406 420 2465 aliam
440 2407 562 2467 domum
575 2429 594 2466 a
608 2407 741 2467 tumultu
757 2407 881 2467 nautico
898 2418 1044 2466 remotam
1058 2407 1183 2480 transit,
1207 2407 1261 2467 sol.
1359 2431 1366 2440 ·

110 2495 187 2556 297.
201 2491 258 2550 lin.
272 2496 302 2555 8.
344 2491 454 2551 Paucis
468 2493 573 2553 diebua
588 2492 753 2552 interiectio
767 2493 923 2570 quaeritur
936 2513 954 2550 a
967 2490 1098 2571 quodam
1118 2492 1262 2552 ecclesiae

111 2575 269 2650 ministro,
290 2595 348 2636 nec
361 2575 516 2654 inventur,
540 2578 572 2636 in
588 2577 699 2636 Urbem
714 2576 809 2653 redit,
830 2575 904 2636 ibid.
923 2575 975 2639 lin.
993 2578 1023 2642 4.
1065 2577 1191 2636 ineunte
1210 2597 1262 2636 au-

113 2670 240 2720 ctumno
255 2660 429 2720 Heracleam
447 2662 571 2737 recedit,
594 2671 624 2721 et
636 2661 678 2720 ihi
698 2681 754 2740 per
772 2670 904 2740 quatuor
917 2681 1033 2721 menaea
1047 2671 1261 2738 commoratur,

110 2746 167 2806 fol.
181 2747 253 2811 285.
269 2745 324 2808 lin.
338 2751 368 2812 6.
381 2747 433 2808 fol.
449 2745 522 2812 284.
538 2767 569 2808 v.
583 2747 616 2806 in
629 2745 683 2807 int.
698 2766 766 2825 pag.
782 2746 834 2806 rol.
850 2751 922 2813 299.
937 2767 966 2806 v.
979 2747 1011 2806 in
1027 2745 1084 2807 line
1099 2766 1165 2826 pag.
1186 2746 1262 2807 Inde

110 2831 150 2891 A.
167 2831 201 2891 C.
215 2831 427 2891 ncccxffll.
441 2852 591 2907 reveraua,
612 2832 644 2891 in
661 2831 787 2891 aedibus
804 2834 834 2890 S.
847 2831 979 2911 Sophiae
991 2841 1193 2891 commoratur
1206 2851 1262 2910 per

110 2915 264 2993 integrum
281 2916 410 2975 duorum
431 2919 577 2978 meuaium
593 2919 742 2997 epatium,
765 2916 818 2976 iol.
832 2920 905 2981 284.
921 2937 951 2975 v.
970 2916 1048 2976 med.
1063 2915 1147 2996 pag!
1175 2917 1262 2975 Com·

110 2997 311 3080 prehenditur
327 3002 400 3060 etin
413 3002 581 3062 custodiam
596 3003 686 3062 datur
702 3000 789 3080 ἔαρος
811 3005 991 3080 μεσοῦντος,
1013 3000 1073 3060 boc
1095 3010 1156 3078 eat,
1180 3001 1261 3061 circa

109 3085 232 3146 initium
254 3087 363 3146 mentia
383 3087 465 3163 Maii,
487 3089 540 3149 fol.
562 3087 635 3154 285.
655 3085 708 3146 lin.
726 3091 758 3152 7.
800 3086 949 3165 lgnatiua,
970 3083 1142 3166 patriarcha
1160 3088 1262 3146 Antio-

112 3171 238 3247 chenua,
258 3170 439 3249 Byzantium
456 3175 541 3234 venit
558 3193 637 3230 anno
651 3179 721 3250 poet
736 3171 900 3231 Andronici
914 3171 1043 3233 iunioris
1060 3182 1187 3232 mortem
1201 3181 1262 3231 ter.

111 3255 157 3316 tio
171 3257 339 3336 completo,
361 3256 397 3314 A.
413 3259 446 3316 C.
460 3257 667 3319 dcccxliv,
680 3256 734 3315 fol.
746 3261 820 3321 283.
836 3277 865 3316 r.
884 3257 937 3316 lin.
953 3263 1004 3322 20.
1047 3257 1197 3332 Palmae,
1220 3256 1261 3318 ad

111 3339 277 3400 monachor
296 3343 406 3400 montio
428 3341 509 3401 Atho
532 3342 667 3402 scribens
687 3341 722 3400 Α.
738 3341 769 3400 C.
790 3339 1012 3418 Mcccxtvl,
1034 3342 1077 3402 ait
1096 3363 1127 3402 ee
1145 3363 1261 3422 περικε-

109 3423 288 3504 νλειομὲνον
308 3420 437 3504 duplant·
456 3426 508 3490 tal
529 3425 618 3490 δυσὶν
639 3426 790 3498 ἐνιαυτοῖς
809 3423 891 3507 ἤδη,
921 3426 954 3486 id
978 3435 1039 3502 eet,
1070 3447 1180 3486 annum
1201 3427 1260 3486 iarn

110 3511 241 3570 alterum
264 3513 400 3590 elapaum
423 3532 503 3587 erae,
531 3531 571 3572 ex
595 3528 656 3590 quo
677 3510 814 3570 inclusus
837 3521 992 3588 teneatur,
1016 3511 1069 3571 sol.
1085 3516 1158 3578 299.
1179 3511 1261 3571 infra

110 3596 191 3656 med.
205 3617 272 3675 pag.
313 3595 453 3656 Nondum
467 3616 502 3656 eo
518 3605 655 3674 tempore
670 3605 775 3654 coacta
795 3597 909 3657 eratin
925 3615 993 3656 eum
1013 3596 1163 3676 Synodue.
1185 3595 1261 3657 lbid.

111 3681 259 3759 ignatiur,
279 3679 454 3761 patriarcha
471 3679 694 3756 Antiochenua,
715 3681 861 3758 Byzantio
877 3681 1014 3758 excedit,
1036 3681 1131 3742 literia
1146 3681 1186 3741 ad
1205 3702 1261 3761 pa·

111 3765 276 3826 triorchem
298 3766 663 3847 constantinopolitanum
683 3775 789 3824 contra
803 3767 952 3826 Palamam
968 3767 1100 3848 scriptia,
1118 3766 1172 3826 sol.
1185 3771 1260 3832 282.

109 3871 141 3909 v.
154 3851 207 3910 lin.
225 3857 253 3915 1.
296 3850 379 3910 llaec
405 3853 515 3930 Regina
536 3852 588 3912 illa
604 3851 719 3912 Codex.
762 3850 927 3929 Aliquanto
946 3863 1018 3933 poet
1037 3854 1172 3913 Palamaa
1191 3873 1260 3911 car-

110 3955 181 3994 cere
194 3937 332 4009 emireus,
353 3957 431 3996 anno
444 3939 513 4017 ipro
528 3935 577 4021 (ut
590 3931 712 4019 opinor)
726 3934 934 3998 Mcccxtvl.
977 3939 1088 3998 Tamen
1108 3940 1260 3997 Cantacu-

109 4041 204 4080 zanua
216 4021 268 4080 lib.
280 4021 335 4081 lll.
352 4024 484 4101 capuit.
496 4041 565 4102 pag.
578 4025 650 4088 699.
666 4019 787 4094 acribit,
809 4022 958 4084 Palamam
975 4023 1075 4083 adhuc
1094 4023 1261 4082 incarcere

108 4107 204 4166 suiaae
219 4127 255 4164 eo
277 4117 412 4186 tempore
428 4127 487 4184 quo
506 4106 572 4187 ipae
591 4107 701 4166 Urbem
724 4105 821 4184 cepit5
844 4118 934 4189 atque
950 4129 1036 4184 eum,
1059 4128 1128 4168 cuna
1145 4105 1260 4166 Andro-

108 4193 181 4251 nico
198 4191 294 4250 Arane
310 4194 455 4252 eductum
475 4211 493 4251 e
511 4191 667 4269 custodia,
685 4189 806 4253 veniere
821 4192 860 4254 ad
883 4214 916 4257 ae
931 4195 974 4257 ait
990 4195 1260 4272 Annae‘duguatae

109 4277 206 4338 mism
221 4277 360 4357 legatum.
403 4297 519 4339 romu.
