3067 4792
299 302 1071 400 NICEPH.GREG.H18T.BYZANT.XIV.
1172 320 1244 396 691

134 500 207 557 gnos
224 484 369 555 moguntiae
384 484 522 539 adductus·
559 484 770 539 Tumultuariem
786 490 813 539 et
827 484 945 553 iniquam
966 500 1086 555 pegam
1104 484 1248 543 ennam,

135 558 277 624 Armigeri
294 556 415 621 beneficio
433 554 520 607 salvus
538 556 636 607 evadit.
672 554 796 606 Hostibus
811 554 919 607 tandem
936 556 1031 606 arsamis
1046 556 1181 621 recedere,
1199 556 1248 607 Di·

135 625 316 693 slpmoticbcm
332 625 388 677 abit
406 620 460 691 (4).
498 628 664 691 Apoeaaoas,
688 630 859 691 oppartrsnam
876 624 1034 676 morionem
1051 633 1146 677 noetus
1162 626 1249 693 oppri-

135 695 228 746 mendi
245 694 430 755 Camaeaeeni,
448 694 543 745 bellam
555 700 679 761 apparat.
714 692 923 758 Didpmotiobum
939 694 1053 745 eeerdtu
1067 694 1161 759 inserto
1170 696 1249 762 petit.

137 762 265 829 Pythiam
285 763 421 815 castellam
438 762 546 813 obsidet.
591 760 799 814 Cantacurenum
815 763 892 815 multi
908 779 923 814 s
938 762 991 814 sab
1007 762 1137 815 desemel.
1176 764 1248 815 Reli-

134 848 249 901 meorum
264 832 446 899 intempestiva
464 830 607 899 postulata.
637 830 721 899 ipsias
732 846 866 899 responsa·
892 831 1053 883 Andronicus
1064 831 1248 901 Palaeologus,

135 904 275 969 Apocauei
291 918 391 969 gener,
413 901 526 967 fluuium
542 900 705 952 transnando
727 900 912 969 submergitur.
940 902 1098 969 deoramus
1114 918 1134 954 a
1151 902 1251 954 loamse

138 971 248 1022 Gabala
272 970 344 1038 apud
366 970 557 1038 imperatricem
575 970 679 1021 Annam
695 976 841 1022 armatur.
875 970 1034 1036 Bpeantism
1048 970 1126 1023 redit.
1163 971 1252 1039 Impe-
1297 966 1301 976 '

135 1041 265 1093 ratriem
281 1041 381 1107 placat.
422 1038 496 1091 Urbis
512 1055 598 1091 maros
612 1038 695 1106 rejicit
717 1038 773 1107 (5).
810 1039 905 1092 Gades
922 1056 953 1091 er
968 1040 1109 1108 grandine.
1143 1041 1184 1093 De
1199 1056 1251 1092 na·
1288 1080 1291 1085 -

135 1116 203 1163 scra
219 1109 368 1178 grassdinis.
400 1108 508 1161 Grande
520 1109 620 1173 suroris
637 1107 720 1161 dioins'
734 1109 935 1161 instrumentum
952 1109 1006 1177 (6).
1031 1109 1252 1163 Bedesiasnala
1295 1118 1299 1122 ’

135 1179 255 1230 onmium
278 1178 447 1247 gravissima.
489 1178 529 1229 De
548 1178 717 1230 Massalians‘s
733 1184 760 1230 et
776 1178 922 1247 Bogomitis
944 1179 973 1229 in
988 1185 1074 1230 monte
1090 1179 1159 1231 Albo
1181 1196 1251 1230 emn-

132 1248 282 1317 prebensis.
305 1248 372 1299 Eius
388 1245 481 1299 montis
498 1248 677 1299 amoenitates.
700 1246 782 1299 Albos
794 1250 925 1313 ferooiam
942 1248 1044 1299 Xereae
1061 1246 1169 1301 domuit.
1200 1248 1252 1301 Urci

133 1318 233 1369 virtuti
251 1320 340 1383 fauet
384 1316 607 1383 Deprebensoram
632 1316 686 1369 illio
714 1316 905 1369 haeretieorum
932 1317 1047 1369 mesina.
1094 1317 1251 1369 &enodem

135 1387 271 1455 dogmata
283 1386 386 1453 impura
404 1386 485 1437 'l'omo
496 1386 623 1452 synodico
641 1386 832 1453 eomprebensa.
869 1385 973 1439 Piorum
990 1384 1173 1438 monachornm
1188 1386 1253 1439 titi·

133 1457 235 1537 gentio
253 1462 279 1507 et
295 1456 374 1537 relus.
409 1452 544 1507 Haeretici
555 1454 637 1537 caria
650 1456 741 1523 poenis
754 1455 865 1508 aoireiti.
902 1456 1015 1520 Quidam
1023 1458 1100 1523 faga
1115 1456 1251 1523 elaprire·

134 1532 381 1662 mliii.
426 1524 1253 1661 ...3:353..Pt:.ltttt.t.ttt‘ttttnr.ltttrt.ttt

132 1670 162 1715 et
180 1663 307 1716 ecelesiae
321 1662 483 1729 perturbatio
498 1662 623 1715 mae-ima.
662 1662 767 1714 Veteres
781 1662 930 1731 pbilosopbi
945 1680 997 1714 non
1012 1663 1167 1715 meabamm
1182 1664 1252 1714 inter

133 1732 348 1853 :institit
365 1740 499 1853 “tlte
516 1731 765 1870 illabili?
790 1733 911 1853 ..tttt
925 1732 1255 1869 ttlttsttttbt.

134 1872 290 1939 astrologus
312 1870 471 1937 imperatrici
485 1870 620 1939 placentia
635 1870 773 1938 praedicit.
815 1872 950 1940 Gregoras
966 1871 1121 1932 arcessitae,
1145 1876 1177 1923 ut
1193 1886 1252 1922 oum

134 1956 168 1993 eo
188 1940 312 2007 disputet.
345 1940 543 2009 Astrologorum
565 1940 756 2007 praedictiones
772 1956 858 1992 aanas
873 1957 928 1992 esse
945 1941 1037 2011 arguit
1054 1956 1086 1991 es
1103 1939 1252 1992 Ptolemaeo

134 2016 163 2062 es
183 2008 211 2063 S.
228 2009 347 2060 Basilice
372 2008 435 2063 item
459 2026 490 2061 es
510 2008 701 2061 Chaldaeorum
717 2010 842 2061 versibus.
878 2010 974 2063 Fatssm
996 2010 1075 2063 tollit.
1110 2008 1252 2061 Providen-

132 2079 206 2131 tiam
224 2078 352 2145 agnoseit.
388 2076 499 2129 Hariolo
516 2082 648 2144 resolata,
666 2079 807 2147 Augustae
822 2079 911 2131 odiam
927 2082 956 2131 in
970 2084 1103 2131 semovet.
1136 2079 1181 2131 Ad
1196 2094 1253 2130 rem

132 2147 208 2201 redit
226 2147 282 2215 (8).
319 2147 445 2210 Gabalos,
461 2153 533 2199 metu
544 2147 688 2215 Apoeaucl‚
704 2148 875 2201 monasticum
891 2149 1010 2201 babitum
1025 2147 1121 2202 induit.
1155 2149 1186 2201 S.
1201 2149 1250 2200 So-

130 2217 218 2285 plaiae
231 2217 372 2283 templum,
389 2218 490 2283 asylum
502 2216 563 2268 olim
574 2217 747 2279 inuiolatumr
763 2235 783 2269 a
797 2218 902 2269 Gabala
919 2225 946 2269 et
962 2235 981 2269 a
996 2216 1152 2286 patriareba
1167 2222 1250 2269 teme-

132 2292 238 2338 ratam.
274 2286 403 2350 Ameriae,
419 2286 449 2337 in
469 2284 609 2337 Thraciam
625 2302 752 2350 reuersas,
770 2286 927 2353 Byzantium
943 2303 1025 2355 usqne
1041 2302 1099 2338 eum
1117 2286 1250 2338 Cantaea·

130 2372 202 2407 serso
215 2355 395 2425 progreditur.
434 2354 509 2409 Urbis
526 2356 650 2423 adspecta
666 2357 828 2424 obstupescit.
864 2357 946 2409 Pausi
968 2372 1100 2409 murorum
1122 2355 1249 2407 custodes.

132 2426 272 2493 Apacaaoi
295 2424 452 2491 diffidentia.
498 2423 694 2477 Cantacarenas
717 2434 743 2477 et
765 2425 888 2478 Ameriae
914 2426 1072 2477 Momitilam
1093 2424 1251 2477 debellatum

134 2500 210 2557 esent,
230 2494 364 2545 Romanas
375 2492 451 2545 urbes
468 2492 642 2547 invadentem.
668 2494 747 2546 laeta
757 2494 929 2547 Peritboriam
942 2501 1172 2547 cassremctansac.
1192 2495 1252 2546 blo·

132 2564 241 2616 rssitilae
258 2564 382 2615 αιιόαοία.
417 2562 542 2615 Eiusdem
558 2564 726 2617 eircumssnti
742 2565 925 2617 conmematio.
957 2565 1033 2617 Aeris
1120 2580 1147 2615 a.
1173 2563 1251 2617 Cadit

136 2632 298 2685 Mnmitilas.
333 2632 399 2684 Eius
416 2633 513 2685 milites
528 2649 617 2686 omnes
626 2636 687 2701 sere
705 2633 774 2685 eaesi
790 2633 844 2701 (9).
878 2634 1010 2701 Aporaaoi
1024 2650 1071 2685 eae
1091 2650 1118 2684 es
1136 2632 1249 2701 pando,

134 2701 197 2766 ubi,
216 2708 243 2753 et
262 2718 282 2753 a
298 2702 389 2769 quibus
403 2709 555 2769 perpetrata
571 2704 614 2755 sit.
650 2702 725 2756 illias
741 2703 878 2765 anaietas3
899 2705 1056 2771 stipatoresr
1077 2701 1251 2753 immoderata

134 2772 258 2823 ambitio.
295 2772 391 2828 Garoer
407 2770 441 2823 ab
460 2788 489 2823 eo
507 2772 675 2839 aedificatus,-
699 2786 777 2839 poem
790 2771 828 2823 ad
836 2774 928 2838 finem
963 2770 1078 2824 Reeram
1093 2771 1249 2837 desperatio.

137 2841 285 2893 &aritiam
302 2840 399 2892 audon.
437 2841 585 2908 Apoeaaaas
597 2841 761 2908 imprudens,
778 2842 945 2907 stipatoribus
956 2843 985 2893 in
999 2842 1069 2894 atrio
1081 2840 1188 2905 relictis,
1204 2855 1251 2891 ar·

134 2926 195 2962 aem
211 2912 353 2977 ingressas.
388 2910 414 2959 A
427 2909 513 2961 blasile
530 2918 556 2962 et
573 2910 606 2961 ab
622 2912 682 2963 aliis
698 2909 825 2961 nobilibus
842 2912 1008 2964 interimitur.
1043 2910 1204 2962 Documenta
1219 2926 1251 2959 ce

136 2996 170 3031 eo
187 2986 284 3030 eventu
301 2978 440 3045 capienda.
474 2978 627 3048 interempti
648 2986 727 3048 eaput
744 2978 902 3041 abscissam
929 2996 1028 3031 ssanmo
1049 2979 1118 3031 mari
1134 2979 1251 3047 fastigio

133 3048 289 3115 imponitur.
331 3048 425 3101 Caedis
448 3056 580 3112 auctores,
606 3050 703 3119 aliique
719 3048 829 3100 vinealis
845 3048 939 3113 solati,
963 3050 1116 3116 partiantur
1137 3050 1206 3101 inter
1221 3064 1251 3101 se

133 3118 285 3172 custodiam
299 3118 376 3171 areis.
401 3116 488 3169 Rebar
499 3118 535 3169 ad
547 3120 712 3171 tolerandam
729 3118 885 3169 obsidionem
902 3120 1053 3170 necessariis
1065 3118 1250 3171 destituuntur.

136 3188 249 3238 Gloria
266 3187 432 3254 accipiunto
451 3188 602 3250 Galataeis‚
625 3190 670 3257 qai
687 3195 713 3241 et
728 3189 862 3254 promissis
878 3204 921 3239 eos
938 3190 1097 3253 confirmant.
1131 3188 1250 3256 Impera⁴

134 3258 191 3311 trix
211 3256 355 3308 Galataeos
372 3256 450 3313 adita
466 3258 534 3308 arcis
549 3257 676 3325 probibet.
712 3258 828 3319 Obsessi,
851 3258 880 3308 in
896 3258 1026 3309 maximas
1042 3257 1182 3326 angustias
1199 3256 1250 3308 ad-

135 3325 228 3390 ducti,
254 3326 287 3378 de
301 3342 368 3394 paee
386 3334 480 3395 agunt.
516 3326 648 3394 Apocaaei
669 3344 734 3379 uror
749 3327 832 3379 aidaa
850 3327 987 3379 Gasmutos
1008 3334 1097 3380 armat
1112 3325 1250 3395 Aagsatae

134 3396 274 3463 permina.
310 3394 348 3447 lli
365 3412 452 3447 arcem
469 3404 628 3465 expugnant.
666 3396 759 3447 Oboios
775 3413 887 3465 quosque
901 3396 1035 3465 iugulant.
1069 3397 1251 3463 spectaculum

136 3464 296 3521 miserabile.
331 3465 403 3516 Arae
419 3466 492 3533 iprae
508 3466 637 3535 sanguine
652 3481 796 3535 respersae.
830 3466 954 3535 Contigai
964 3465 1114 3517 monasterii
1131 3465 1251 3531 direptio.

139 3538 284 3587 Caesarum
306 3536 396 3602 capita
417 3551 465 3601 par
486 3536 575 3589 arbem
597 3535 758 3588 circumlata.
796 3534 956 3588 Sioariaram
973 3543 999 3588 et
1014 3536 1096 3603 ipsias
1113 3536 1251 3602 Augustae

137 3605 328 3659 emanantem.
353 3604 492 3658 Cadavera
508 3605 617 3673 sepetire
633 3605 676 3657 oie
694 3605 801 3659 tandem
815 3607 979 3674 permissum.
1003 3605 1103 3657 Mortui
1119 3604 1252 3673 Apoeauci

130 3676 211 3741 filias
228 3674 440 3727 Tbessalonicam
457 3674 562 3725 tradere
577 3673 756 3729 Cantaaaeeno
773 3668 875 3729 statuit.
900 3677 994 3726 Arcem
1009 3681 1126 3743 occupat.
1147 3674 1252 3743 impeta

135 3744 222 3811 plebis
238 3743 393 3811 opprimitur
410 3742 484 3811 (10).
518 3742 646 3795 Balatees
662 3744 785 3813 ignobilis
797 3761 896 3814 genere
901 3763 912 3807 ,·
928 3752 958 3797 at
969 3744 1006 3795 ad
1018 3744 1178 3811 opulentiam
1188 3762 1252 3813 per-

140 3814 248 3866 eeners't.
286 3814 486 3865 'l'bessalonieae
501 3814 668 3881 praeficitur:
685 3814 787 3877 deinde,
805 3816 941 3881 Apoeaaco
950 3814 1041 3881 filium
1056 3832 1131 3865 suum
1149 3813 1174 3866 ei
1190 3815 1251 3867 sab-

138 3890 260 3953 rogaate,
278 3883 390 3937 elicitur.
416 3882 457 3933 Aa
475 3882 684 3936 Cantaoueenum
702 3884 797 3947 delicit.
830 3884 981 3951 Solpmanni
997 3884 1091 3953 generi
1106 3884 1187 3937 armis
1201 3886 1251 3937 ad-

137 3952 254 4010 luantur.
289 3952 395 4004 Mortuo
414 3954 548 4019 Apocarcoo
571 3969 629 4004 oum
646 3954 724 4004 Anna
748 3953 911 4019 imperatrice
936 3955 1117 4007 reconciliatus
1139 3955 1252 4007 maiores

139 4023 225 4089 rapias
249 4038 281 4073 es
302 4023 369 4074 Asia
394 4022 510 4074 arcessit.
544 4022 576 4079 ln
590 4022 829 4076 Canlacaaenianos
849 4024 942 4077 eaeoit.
978 4024 1085 4089 Persae,
1104 4024 1208 4091 praeda
1224 4032 1251 4081 tt

139 4092 234 4150 oblias
247 4090 419 4167 defraudati,
437 4108 496 4149 eam
508 4092 635 4147 recidunt.
670 4092 713 4150 At
732 4091 942 4152 Camwsamam
956 4100 1093 4151 transeant
1109 4093 1181 4163 (11).

592 4240 802 4259 Μ
