3067 4792
256 206 359 283 1999
666 208 1026 285 ΔΝΝΟΤΑΤΙΟΝΕδ.

341 366 420 453 Peg.
441 368 521 447 996,
544 372 595 439 19.
624 371 765 435 notasse
784 366 837 435 etv
854 362 1067 449 Nenmsneds']
1087 366 1134 429 lts
1150 364 1262 430 cessei
1276 364 1419 448 μείω·

256 478 314 540 pro
330 449 532 521 Novcssorde.
561 458 605 517 lle
623 456 682 517 isto
701 457 832 517 sisinnio
848 454 1022 515 ludovicus
1037 454 1200 531 Tarpeius,
1222 453 1281 513 vir
1304 470 1421 512 acru-

255 564 324 605 rum
343 541 499 613 &nonum
523 550 553 603 et
573 542 722 603 Historiae
742 540 968 603 Ecclesiasticus
981 540 1210 639 peritissimus,
1230 536 1420 598 consulenti

256 626 333 690 milri
349 625 523 707 respoudit:
547 625 593 707 [„
599 628 711 693 NecS.
726 626 938 689 ltlrsnssius
929 646 961 685 ιιι
979 625 1017 685 iis
1034 644 1112 705 quae
1126 624 1258 723 plurim
1280 622 1420 701 scripsit

257 714 297 775 de
322 732 428 791 magna
449 712 590 791 Synodo,
620 732 677 773 nec
707 714 866 793 quisquam
896 712 973 771 alius
999 712 1149 810 scriptor,
1177 709 1266 769 cuius
1287 708 1331 767 ad
1355 726 1420 767 nus

257 806 449 860 monumenta
468 796 506 857 ds
525 796 577 859 itta
597 796 700 865 sedem
714 800 837 878 Synodo
857 798 1069 879 pervenerint,
1091 795 1182 855 ullius
1202 792 1335 855 sisinnii
1357 813 1418 851 no-

258 904 328 945 meu
351 891 405 945 aut
426 901 549 963 operam
572 893 717 945 memorat
738 884 882 945 adsersus
903 883 1040 943 drium'
1032 902 1063 941 sn
1082 880 1217 941 Nicaeno
1238 888 1418 939 conventu.

258 972 344 1030 Unus
361 974 501 1029 socrates
520 968 670 1029 Historiae
688 988 760 1031 suae
781 968 834 1029 tib.
844 968 869 1029 L
886 986 952 1048 esp.
970 974 1021 1034 10.
1038 977 1069 1025 et
1087 977 1157 1045 post
1175 967 1294 1045 ipsum,
1315 974 1419 1041 atque

258 1050 1418 1217 ntzeleffitntttntnittttlnltttt.wit

260 1223 381 1284 calculo
398 1242 453 1281 suo
468 1224 678 1304 comprobaret
693 1225 854 1285 Nicaeenses
870 1222 1090 1283 definitionem:
1112 1220 1196 1303 quod
1215 1221 1335 1281 iactum
1351 1238 1417 1298 qne

259 1309 321 1369 lide
343 1328 404 1389 quo
427 1316 552 1368 auctore
573 1311 687 1370 relcrat
709 1311 866 1385 Socrates,
888 1307 943 1387 qui
965 1327 1027 1367 uno
1049 1308 1114 1368 fere
1133 1304 1255 1366 saeculo
1269 1314 1348 1386 post
1360 1304 1418 1364 tti-

259 1414 382 1455 caenam
396 1392 552 1471 synodum
570 1394 667 1470 vixit,
690 1393 756 1455 aliis
774 1393 992 1455 aestimandum
1006 1392 1154 1471 relinquo.
1189 1392 1223 1451 ln
1239 1410 1333 1469 quam
1347 1410 1416 1449 rem

260 1480 319 1555 lac,
335 1489 370 1538 ut
384 1478 523 1537 consulas
544 1478 739 1539 eruditissimi
754 1478 878 1539 Henrici
896 1478 1005 1539 Valerii
1023 1479 1132 1538 Notans
1151 1476 1191 1537 sd
1209 1484 1417 1535 memoratus

261 1563 395 1623 Socratis
410 1562 558 1622 Historiae
574 1564 687 1625 lomim.
731 1564 834 1643 ipsum
850 1582 925 1631 vero
940 1563 1087 1625 sublestae
1106 1562 1178 1623 lidei
1199 1560 1294 1620 habet
1311 1562 1365 1620 vir
1382 1562 1416 1620 in

262 1650 386 1730 seriptis
398 1656 534 1707 veterum
550 1652 719 1729 perspicax.
742 1650 900 1709 Caeterum
917 1648 996 1708 idem
1013 1650 1153 1708 Socrates
1165 1647 1217 1709 lib.
1231 1646 1268 1705 V.
1281 1666 1354 1725 cap.
1363 1652 1416 1710 10.

262 1734 385 1795 sisinnii
407 1732 563 1793 cuiusdam
585 1734 734 1809 meminit,
756 1734 808 1813 qui
828 1754 916 1793 sscro
935 1733 1069 1793 Lectoris
1087 1751 1210 1793 munere
1225 1730 1416 1810 fungebatur

263 1820 348 1900 apud
364 1818 512 1895 Agellium
527 1778 763 1881 novatianorum
783 1820 975 1899 episcopum,
996 1818 1085 1878 cuiue
1103 1819 1137 1877 in
1157 1816 1336 1895 dignitatem
1361 1817 1417 1875 eii-

263 1913 377 1986 qusnto
404 1912 475 1982 post
493 1904 656 1965 subvectus
680 1904 763 1989 apud
788 1904 917 1964 eundem
936 1903 1124 1963 Historicurn
1143 1902 1272 1979 legitur,
1302 1901 1361 1964 lib.
1378 1902 1416 1964 V.-

264 2010 331 2070 cop.
347 1994 399 2053 91.
415 1998 444 2046 et
459 1988 512 2050 lib.
526 1988 577 2049 Vl.
599 2010 666 2071 cop.
685 1996 713 2055 1.
757 1988 855 2049 Huius
870 1999 970 2049 autem
985 1988 1107 2049 Sisinnii
1124 1989 1302 2047 sententiam
1322 2006 1414 2045 secu-

263 2084 314 2135 tus
328 2071 473 2149 Agellius,
494 2074 660 2155 postulanti
678 2075 817 2137 Nectario
830 2074 1131 2155 constantinopoleos
1148 2073 1274 2132 antistiti
1288 2072 1416 2133 salubre

264 2159 391 2219 dederet
404 2156 563 2219 consilium
582 2161 728 2221 adversus
742 2160 921 2220 brianonum
940 2159 1287 2237 Macedonianommque
1302 2168 1415 2234 ιιιιιι,

265 2244 374 2325 quibus
388 2240 495 2303 misere
513 2245 679 2306 vexabatur
695 2244 814 2307 Oriens.
859 2244 986 2321 Verum,
1007 2264 1046 2304 ne
1060 2244 1121 2305 de
1111 2253 1171 2303 nto
1183 2242 1317 2302 Ssssnnse
1333 2245 1417 2303 Ges-

265 2348 352 2407 gorae
366 2327 495 2406 intelligi
509 2332 619 2409 possit,
641 2328 740 2390 obstat
760 2330 874 2413 primae
894 2289 1010 2409 synodi
1030 2348 1155 2429 ιιιιιιιις
1176 2327 1234 2387 nisi
1225 2329 1331 2389 sorte
1349 2327 1415 2405 pri·

265 2436 343 2475 snam
367 2412 627 2495 Constantinopoli
651 2414 784 2476 habitam
806 2417 975 2494 generslcm
997 2414 1146 2495 sceipies:
1183 2414 1266 2493 quod
1288 2414 1416 2493 quidem

265 2496 339 2561 mihi
362 2518 422 2557 non
443 2498 478 2559 fit
497 2498 648 2563 credibile.
691 2500 799 2581 Itaque
818 2499 879 2561 laec
896 2499 1034 2582 proclive
1058 2510 1104 2560 est
1126 2498 1292 2579 suspicari,
1326 2499 1416 2558 llice·

265 2584 396 2667 phorum
414 2583 594 2662 Gregorstn,
616 2585 717 2647 virum
741 2588 903 2647 immensae
918 2584 1098 2646 eruditionis
1115 2594 1148 2645 et
1164 2582 1321 2657 lectionis,
1342 2603 1416 2643 cum

265 2668 418 2731 baberet'
410 2688 440 2728 ιιι
458 2682 556 2731 merite
574 2672 637 2731 duo
650 2670 726 2731 haec
742 2670 967 2734 Novatiensium
985 2670 1151 2729 antistitum
1174 2670 1316 2745 nomina,
1337 2689 1416 2747 quo-

265 2776 333 2817 rum
348 2757 501 2833 permagni
516 2758 617 2817 luerat
636 2777 751 2839 opera·
744 2757 890 2817 adversus
907 2758 1085 2817 Arisnorum
1098 2753 1295 2828 dementiam,
1317 2772 1414 2814 unum

266 2862 325 2921 pro
345 2840 419 2915 alio,
445 2852 478 2900 ut
495 2842 583 2903 facile
596 2842 678 2903 lactu
695 2841 801 2917 tuit,
791 2840 968 2901 ιιιιιιιιίιιι.
990 2841 1048 2900 nisi
1062 2840 1131 2921 quis
1148 2837 1258 2901 malit
1247 2860 1282 2899 ιιι
1297 2838 1416 2898 librarii

268 2926 388 3004 culpem
403 2925 529 2987 reiicers
547 2928 743 2988 mutationem
764 2927 909 3004 neminie3
931 2945 1022 3005 quern
1043 2926 1240 3006 posteriorem
1255 2926 1415 2983 coniectu-

266 3032 332 3073 ram
345 3010 449 3067 rrescio
467 3032 504 3070 en
517 3014 589 3073 estis
603 3015 687 3073 iuvet
701 3012 852 3074 duorum'
842 3022 972 3075 istorum
984 3011 1202 3071 vocabulorum
1211 3010 1327 3071 Graece
1337 3012 1416 3069 smi-

267 3106 390 3179 ptorum
410 3093 587 3158 similitudo.
632 3098 720 3159 Certe
742 3096 820 3159 haec
834 3097 956 3157 nomios
977 3098 1129 3171 Σισινιις,
1149 3090 1297 3171 laederer,
1317 3114 1415 3173 qusn-

269 3200 360 3261 quem
380 3179 504 3259 syllabis
527 3180 635 3241 iisdem
658 3182 816 3260 desinunt,
852 3194 953 3243 tamen
970 3182 1155 3261 reliquerum
1175 3182 1239 3241 lere
1257 3182 1414 3241 litersrum

269 3276 422 3326 structure
439 3265 482 3325 aie
496 3267 576 3326 inter
593 3288 626 3326 se
642 3266 830 3347 discrepant,
856 3278 892 3328 ut
910 3286 972 3327 nou
993 3272 1169 3328 oscitantem
1188 3266 1316 3325 scribam
1331 3266 1415 3325 dilli-

270 3352 368 3411 culter
385 3351 489 3411 saliere
510 3371 598 3431 poase
612 3352 783 3415 rideantur.
827 3354 887 3414 Sed
901 3352 939 3413 de
955 3352 1014 3413 iate
1033 3352 1253 3432 permutatione
1267 3352 1321 3411 vix
1339 3353 1414 3412 certi

270 3436 433 3516 quicquam
454 3438 649 3516 pronuntiare
670 3438 743 3498 licet
767 3439 880 3519 absque
906 3438 1074 3515 benigniori
1095 3438 1240 3497 Codicum
1261 3438 1415 3515 Gregorae

269 3520 546 3601 manuscriptorum
562 3524 666 3604 copia,
689 3525 913 3603 eorundemque
930 3523 1065 3601 diligenti
1085 3520 1303 3602 collatione.“]
1344 3522 1413 3601 ipsa

271 3615 343 3666 sunt
358 3605 451 3666 verba
465 3606 527 3667 Viri
545 3608 726 3685 doctissimi,
753 3611 803 3669 eui
821 3630 878 3690 pro
890 3610 1037 3669 amicitiae
1051 3612 1132 3683 iure,
1154 3628 1231 3687 quae
1251 3608 1325 3669 mibi
1344 3628 1413 3668 cum

271 3710 309 3753 eo
322 3710 438 3750 summa
450 3692 627 3771 intercedit,
649 3694 760 3755 nodum
782 3693 865 3754 laune
881 3694 1100 3774 expediendum
1115 3694 1267 3773 delegari,
1288 3692 1410 3771 dignum

271 3776 388 3837 scilicet
405 3796 441 3837 eo
461 3778 600 3858 vindice,
621 3791 703 3841 certe
718 3779 938 3857 difficiliorem,
958 3800 1049 3861 quam
1071 3790 1107 3839 ut
1127 3780 1194 3861 ipse
1215 3800 1334 3860 possem
1352 3778 1412 3837 sol-

271 3880 352 3924 rere.
393 3880 509 3926 eorrrr.

359 3950 431 4029 Peg.
454 3950 533 4025 999,
555 3954 606 4015 91.
641 3944 834 4055 Γρηγιίριις]
856 3950 891 4009 ln
906 3948 1026 4008 laudem
1040 3948 1205 4009 Athanasii.
1240 3968 1352 4009 nowen.

359 4036 430 4114 Peg
452 4036 530 4109 939,
550 4038 601 4101 99.
641 4027 739 4117 Ἐκεῖ]
768 4035 792 4097 1.
812 4056 836 4097 e.
856 4036 888 4094 in
910 4034 1165 4113 contingentibus,
1194 4033 1226 4094 in
1248 4035 1335 4094 bonis
1354 4054 1412 4094 non

272 4119 458 4181 necessariis.
482 4078 558 4179 Vide
572 4139 662 4227 supra
676 4120 727 4183 lib
741 4121 820 4181 vsst.
835 4140 901 4200 cop.
916 4120 979 4179 Vll.
993 4120 1219 4185 meretritio.
1238 4140 1352 4180 eorem.

359 4200 483 4265 Ibidem.
524 4202 619 4271 ΕΓ
598 4228 616 4271 o
650 4199 776 4271 πάντων
802 4204 868 4271 ἐκεῖ
893 4201 1072 4289 apenninis
1103 4201 1141 4269 rai
1166 4209 1223 4270 sesi
1251 4205 1322 4287 βίον
1351 4227 1411 4290 rep
