3067 4792
287 257 389 332 1178
664 265 1028 338 ΔΝΝΟΤΔΤῙΟΝΕδ.

373 427 446 508 Peg.
469 427 541 504 188,
561 429 614 494 21·
653 419 733 490 'stet
753 421 813 510 yslo
826 424 879 492 eet
895 425 930 490 oi
942 424 978 492 is
992 419 1168 506 unates]
1187 423 1367 506 Pselsymer.
1380 425 1439 487 m.

287 513 324 576 V.
338 533 405 594 csp.
419 511 518 572 XXX.
560 531 694 574 eumue.

376 619 448 699 Pug-
471 617 544 694 184,
566 617 619 682 21.
667 618 731 678 Τοῦ
739 610 854 694 Ἱεροῦ]
874 611 990 672 Nomen
999 611 1077 672 srcis
1092 621 1139 672 est
1151 611 1294 672 ruinosae
1305 612 1338 672 in
1351 611 1440 672 dsis-

287 703 350 764 tico
372 701 493 776 littore,
516 710 600 760 trsns
622 699 807 780 Bosporum,
829 719 890 758 non
912 699 1022 778 procul
1041 697 1079 757 sb
1103 697 1180 757 ostio
1203 697 1292 757 Ponti
1312 697 1440 772 Euxini,

287 787 387 868 inquit
410 785 610 846 Leuneluvius
625 784 658 844 in
677 783 873 844 Onomastico
889 784 990 862 priore
1005 783 1153 843 Tuscico:
1176 783 1291 861 dequo
1311 783 1439 863 quidem

286 871 380 933 Hiero
401 871 504 931 multis
515 872 626 950 egImus
638 873 669 929 in
684 871 763 930 notis
778 867 817 927 sd
830 868 1004 928 Alexisdem
1018 887 1087 951 pag·
1099 872 1173 934 861.
1193 887 1325 928 onemo.
1356 868 1439 929 Vide

288 957 339 1018 lib.
356 955 468 1016 XVIII.
484 975 551 1036 csp.
564 955 601 1019 IL
617 963 690 1016 sect.
706 962 736 1022 1.
766 973 887 1014 uosvis.

375 1061 447 1140 Peg.
471 1061 544 1133 187,
563 1062 595 1124 4.
629 1061 679 1142 Τῷ
691 1053 830 1120 metente
846 1050 1002 1144 Ἀζατῐνῃ]
1025 1054 1101 1116 Vide
1117 1054 1223 1116 seriem
1236 1053 1438 1114 Snltsnorum

286 1143 486 1206 lconiensium
502 1153 574 1224 post
588 1143 728 1203 familias
741 1141 931 1202 Dalmaticis.
973 1161 1102 1202 onemo.

376 1249 446 1326 Pug-
471 1249 541 1322 187,
566 1247 614 1312 18.
658 1239 717 1320 Εἷς
736 1241 770 1308 δέ
785 1267 832 1318 τις
845 1237 1004 1326 'signique
1021 1239 1139 1324 ὄνομα]
1162 1241 1260 1318 Quem
1279 1266 1298 1304 e
1317 1244 1437 1306 Melsco

286 1330 411 1390 Sultsno
425 1331 640 1391 lconisnsiuns
656 1351 725 1390 cum
740 1327 810 1389 filiis
826 1328 934 1407 insigni
957 1327 1085 1408 perfidis
1111 1338 1218 1410 postea
1239 1332 1436 1391 intersectum

284 1416 378 1476 fuisse
399 1425 502 1477 narrat
523 1413 722 1496 Pncbymeres
733 1413 784 1475 lib.
797 1413 839 1474 X.
859 1434 925 1495 esp.
939 1413 1038 1475 XXV.
1061 1434 1099 1474 ex
1118 1414 1230 1492 quibus
1248 1435 1327 1475 unus
1347 1415 1435 1475 Hslis

284 1501 424 1580 nomine,
455 1501 558 1561 divina
579 1502 709 1581 quadem
731 1500 922 1582 providentis
940 1509 1096 1575 secuntus,
1124 1501 1250 1560 collecta
1271 1499 1434 1562 Persarum

284 1607 390 1666 menn,
413 1587 560 1648 Melecum
584 1588 701 1666 proelio
732 1587 858 1646 adortus
880 1583 962 1644 hunc
988 1583 1156 1658 interfecit,
1183 1585 1316 1666 indeque
1342 1597 1434 1646 sucts

283 1669 352 1732 Heli
363 1715 372 1750 ,
395 1672 448 1752 qui
463 1683 527 1732 tum
546 1671 661 1732 Amulii
675 1693 784 1732 nomen
807 1691 864 1731 suo
884 1669 1011 1747 adiecit,
1030 1668 1184 1750 potentis,
1209 1673 1359 1731 Romanos
1378 1691 1434 1731 re·

284 1757 386 1836 gioncs
397 1756 622 1818 incursionibus
639 1757 802 1818 infestavit.
845 1757 884 1815 Ut
899 1775 995 1836 porro
1008 1755 1034 1814 is
1047 1754 1189 1836 perierit,
1212 1757 1341 1838 exponit
1353 1757 1433 1818 Gre-

282 1843 416 1920 goresin
432 1843 526 1904 alters
539 1841 682 1903 Historia.
718 1841 779 1902 Iste
793 1849 893 1903 sutem
905 1840 1011 1919 Amur,
1031 1833 1247 1922 Ἀμούρπεκις,
1269 1842 1363 1902 unico
1374 1861 1430 1902 vo.

283 1927 412 2006 eubulo,
434 1927 547 1989 dicitur
564 1928 772 1988 Centscuzeno
784 1927 837 1988 lib.
851 1926 890 1986 11.
915 1946 983 2006 esp.
1001 1925 1142 1985 XXVIII.
1171 1926 1205 1986 ld
1222 1937 1269 1987 est
1283 1925 1430 1986 Dominus

281 2010 393 2074 Amor.
436 2013 491 2072 Est
508 2011 586 2072 enim
605 2011 670 2094 Beg
683 2011 791 2073 Tuscis
806 2010 968 2087 Dominus,
994 2019 1032 2070 ut
1053 2020 1099 2070 est
1118 2009 1200 2092 opud
1215 2012 1429 2072 Leunclsvium

281 2095 314 2155 in
334 2097 467 2157 secundo
485 2095 680 2158 Onomsstico
693 2098 840 2172 Tus-eico,
861 2104 893 2156 et
913 2096 967 2160 tib.
985 2095 1037 2156 IV.
1057 2095 1138 2158 Ilist.
1157 2097 1338 2157 Musulnssn.
1356 2117 1427 2178 psg.

282 2185 356 2247 196.
368 2181 421 2242 ubi
433 2182 574 2243 observst
589 2181 655 2264 Beg
670 2203 780 2242 nomen
794 2181 861 2242 deri
877 2181 974 2241 solere
988 2180 1127 2240 omnibus
1144 2181 1276 2243 officium
1296 2181 1347 2242 vel
1362 2203 1428 2242 mu·

279 2285 338 2325 nus
351 2266 474 2346 aliquod
488 2289 505 2328 s
525 2287 594 2347 rege
608 2270 657 2328 vel
672 2269 798 2328 Sultnno
821 2267 1002 2327 consecutis.
1034 2265 1144 2326 Graeci
1157 2287 1230 2328 vero
1245 2266 1310 2350 Hip
1323 2277 1355 2328 et
1367 2265 1426 2329 Πέ-

278 2374 327 2434 yse
348 2349 472 2430 dicunt,
493 2353 543 2413 vel
568 2352 710 2435 Μπὲγις,
732 2363 768 2414 ut
792 2353 823 2412 in
846 2352 946 2412 Gloss.
966 2349 1045 2411 med.
1064 2353 1195 2414 Graecit.
1221 2352 1424 2414 observemus.

278 2435 365 2495 Unde
383 2437 525 2498 discimus
540 2439 607 2517 quis
624 2438 649 2498 is
666 2439 705 2497 sit
718 2457 809 2516 quem
821 2437 1008 2496 Froisssrtus
1022 2435 1077 2496 tlt.
1099 2437 1166 2496 vot
1187 2459 1254 2518 cap.
1273 2437 1372 2500 XXII.
1395 2447 1426 2499 et

276 2520 394 2583 XXIII.
410 2519 617 2585 Amor-obolis
631 2532 731 2600 vocet,
754 2542 832 2602 quse
846 2542 909 2581 vox
922 2521 1027 2582 effecte
1039 2541 1078 2580 ex
1090 2522 1192 2582 Amor
1204 2521 1296 2604 Regis
1307 2524 1358 2584 vel
1369 2521 1425 2583 Bs-

273 2606 337 2686 gin.
381 2607 442 2667 Sed
459 2629 496 2667 sn
510 2608 611 2670 Amur
621 2609 694 2686 iste,
717 2610 806 2668 cuius
820 2607 956 2667 meminit
971 2607 1133 2684 Gregorss,
1156 2618 1187 2666 et
1201 2609 1425 2670 Ceutscuzenus

275 2689 345 2752 loeo
359 2692 495 2770 laudato,
518 2693 558 2752 sit
570 2693 622 2754 ille
639 2715 729 2774 equo
745 2693 924 2755 interfectus
936 2701 983 2758 est
1001 2691 1148 2766 Melecus,
1171 2690 1297 2754 dubium
1315 2695 1424 2774 ingerit

274 2771 356 2838 idem
378 2780 620 2856 Contacuzenus,
649 2781 701 2859 qui
718 2780 770 2842 lib.
792 2780 830 2840 ll.
849 2799 917 2859 cup.
940 2777 1054 2836 XXIX.
1076 2787 1108 2838 et
1127 2777 1184 2838 lib.
1197 2779 1249 2842 llI.
1270 2801 1337 2860 esp.
1359 2781 1421 2843 vlt.

274 2862 404 2925 eundem
422 2864 579 2924 Amurium
595 2863 704 2925 sisinio
719 2865 821 2925 Ioniae
843 2859 911 2942 (seu
926 2863 1048 2939 Corios,
1070 2863 1116 2922 uti
1129 2859 1222 2923 hebet
1235 2865 1288 2926 lib.
1303 2866 1341 2927 ll.
1355 2886 1421 2946 cap.

272 2945 372 3026 Xlll.)
386 2951 529 3031 Satrapes
541 2949 634 3010 filium
650 2949 743 3010 fuisse
755 2951 807 3026 sit,
829 2949 1018 3027 eundemque
1035 2948 1119 3007 Sstrs
1144 2970 1229 3008 erum
1247 2951 1335 3010 Asius
1349 2971 1421 3032 opu.
1512 2950 1513 2981 r

272 3029 482 3098 lentissimum.
518 3034 649 3096 Aitinesn
666 3045 824 3115 prseteres
837 3033 914 3094 duos
931 3033 1007 3093 elios
1021 3029 1100 3092 filios
1117 2973 1268 3111 debuisse,
1295 3057 1420 3116 quorum
1510 3046 1512 3117 ᾖ

272 3115 349 3176 alter
367 3113 481 3194 Gietir,
510 3119 587 3179 ulter
606 3117 810 3182 Souleimoscs
828 3119 1006 3179 vocabatur.
1050 3117 1169 3180 Amurii
1194 3140 1288 3200 porro
1315 3122 1419 3184 crebre

271 3199 383 3263 deinde
396 3203 507 3264 mentio
520 3205 603 3286 spud
616 3207 869 3268 Centscuzenum.
910 3223 1043 3264 uncino.

358 3307 432 3386 rag.
457 3307 529 3386 137,
552 3289 613 3375 tr(
642 3299 734 3391 'Heu
757 3303 791 3370 et
810 3304 1009 3381 sescenos]
1038 3304 1127 3368 circs
1150 3327 1199 3366 m.
1222 3305 1416 3370 uccexxv.

269 3407 403 3450 1111111116.

357 3495 432 3575 Pag·
456 3495 530 3571 188,
553 3499 584 3560 8.
626 3493 686 3569 Εἰς
706 3498 831 3558 πλεῖστα
852 3489 1014 3574 τεμόντες]
1050 3493 1132 3554 Hinc
1149 3493 1244 3574 igitur
1269 3495 1414 3556 exstineto
1505 3526 1506 3529 ¹

268 3573 439 3640 Tuscorum
452 3577 654 3641 iconiensium
670 3580 862 3660 principatu,
890 3600 959 3640 cum
975 3580 1072 3640 eidem
1087 3580 1201 3642 tuendo
1216 3590 1326 3641 contre
1340 3581 1415 3642 'Isr-

266 3667 351 3721 tsros
366 3661 499 3743 imperes
518 3674 632 3740 essent,
654 3665 765 3745 singuli
783 3685 822 3724 ex
838 3665 1021 3746 primoribus
1034 3667 1159 3742 Tuscis,
1180 3677 1276 3747 prout
1297 3664 1413 3726 libitum
1504 3656 1505 3671 ¹

266 3743 336 3820 tuit,
359 3749 474 3827 oppido
490 3759 519 3810 et
535 3749 708 3830 provincias
724 3760 933 3831 pervaserunt,
957 3771 1026 3810 cum
1045 3751 1277 3832 Grseciseeque
1294 3772 1332 3811 sc
1345 3751 1413 3812 'Ist-

265 3829 340 3890 tsris
364 3830 479 3893 bellum
505 3844 658 3914 gerentes,
689 3835 872 3916 tandemque
899 3836 1006 3898 iisdem
1032 3836 1167 3898 'sisteris
1189 3837 1411 3914 recedentibus,

264 3916 415 3996 pulsoque
437 3919 488 3980 vel
509 3929 593 3981 certe
618 3941 682 3981 non
704 3921 837 3982 admisso
858 3923 1003 4000 Sulteno,
1025 3923 1189 3984 Tuscieum
1207 3923 1409 4004 principstnm

262 4003 431 4080 provinciis
445 4005 575 4066 invicem
595 4005 779 4088 dispertitis,
801 4007 911 4068 deinde
924 4007 1007 4089 quod
1024 4009 1150 4068 liomsni
1163 4027 1217 4068 seu
1231 4008 1409 4068 Graecorum

262 4085 295 4144 in
311 4087 382 4147 Asis
408 4101 566 4170 supererat
585 4091 706 4173 imperii
727 4092 921 4171 invaserunt,
943 4092 1075 4174 indeque
1089 4095 1123 4155 in
1139 4095 1290 4174 Europsm
1305 4093 1408 4154 evols-

260 4181 349 4247 runt,
372 4172 409 4234 sb
424 4174 561 4255 ipsismet
576 4177 700 4238 Graecis
717 4177 952 4256 imperstoribns
963 4179 1099 4255 evoceti,
1121 4179 1196 4240 dum
1209 4199 1300 4260 opem
1314 4195 1406 4237 sesn-

259 4255 368 4319 xilium
382 4271 541 4341 quierunt,
563 4283 625 4343 quo
637 4283 670 4326 se
686 4261 833 4326 adsersus
845 4271 920 4324 snse
925 4264 1023 4344 gentis
1036 4263 1203 4347 principes,
1225 4271 1318 4344 etque
1334 4261 1404 4324 sdeo
1496 4280 1497 4361 p
