3067 4792
263 309 339 382 οοο
557 315 795 420 nucuruonr
817 315 1063 388 enecetur

100 490 129 540 Δ.
140 487 174 538 ll·
187 480 300 547 6850άέ
312 481 363 548 καί
377 475 505 566 ἀδήλοις
520 479 622 548 ἐλπίσι
633 481 675 548 sd
692 481 767 548 κατ’
786 480 883 549 aitte
896 482 1076 570 ἐπιτρέψας.
1103 481 1200 559 πολάς
1212 481 1273 568 γάρ
1289 478 1376 570 crisci

135 557 464 684 “blewetorropddee
484 580 640 672 luniperto
661 591 719 652 τοῶ
740 582 964 673 συρφετώδους
992 585 1087 669 ὄχλου
1113 587 1166 652 καί
1188 583 1376 672 άμροικιιιοῶ,

263 685 372 776 λάθρα
385 689 437 754 καλ
457 693 609 774 λαμπρῶς
622 686 842 772 ἐπιτιθεμένων
855 688 993 756 ἀλλοθεν
1007 688 1122 770 ἀλλων,
1148 687 1231 754 κοτά
1247 684 1379 772 διαστή-

264 789 352 877 ματά
366 815 399 858 τε
413 793 464 856 καί
479 787 685 875 συστήματα,
712 795 764 858 καί
777 792 836 878 τήν
850 792 999 879 οάραγίαν
1014 788 1253 879 ἀκρωτηριάζειν
1265 815 1376 878 πειρον-

265 895 366 980 μένων
378 896 430 960 καλ
444 899 509 962 τῶν
521 891 720 982 σκευοφόρων
733 893 801 963 ένια
814 893 1001 984 διαρπάζων.
1028 896 1070 962 τά
1085 901 1214 962 πλείστα
1225 894 1286 981 γάρ
1301 899 1400 968 tot-5

264 1003 349 1084 μῶσο
364 993 490 1088 (φάναι)
506 998 621 1084 γίνεται
636 997 738 1079 dated,

463 1097 562 1167 Ὅταν
575 1099 621 1166 δι’
637 1102 756 1188 ἐχθρῶς
769 1100 849 1178 ποιλς
862 1100 1028 1186 ἀμείβηται
1039 1097 1169 1186 χθονός.

241 1219 265 1274 Β
345 1198 414 1294 (ς’.)
434 1201 531 1270 Ἀλλά
549 1205 621 1292 πρίν
637 1200 755 1292 ήμέρας
776 1202 852 1290 ὅλης
872 1201 947 1272 itte
962 1203 1095 1286 ἀνῶσαι,
1121 1201 1259 1282 σπεάσας
1279 1201 1381 1271 ἀΛι-
1401 1282 1405 1287 ,

268 1303 373 1391 βέριος
388 1303 562 1392 ἀπήντησα
578 1305 664 1397 αὐτῷ
679 1307 766 1396 παρά
778 1307 837 1392 τήν
852 1305 943 1390 ὁδὸν,
970 1311 1023 1375 καί
1033 1310 1114 1395 χειρὶ
1135 1312 1187 1374 καλ
1201 1305 1309 1396 γνώμη
1327 1311 1381 1374 καλ

268 1407 356 1498 πάση
372 1409 523 1497 προθέσει
545 1407 770 1494 δεξιωσάμενος
789 1416 847 1496 τῆς
867 1417 992 1497 ψυχῆς,
1027 1414 1079 1477 καί
1099 1411 1153 1498 ἐφ’
1176 1408 1306 1497 ἡμέραις
1320 1435 1379 1477 συ-
1388 1425 1425 1480 10

265 1522 356 1598 χνοῖς
370 1515 508 1594 ξενίσας,
542 1512 697 1581 ἀνέπαυσί
720 1539 754 1582 τε
781 1517 834 1580 καλ
859 1511 963 1601 λίνοις
983 1513 1139 1602 ἀνέρρωσε
1152 1519 1380 1604 φιλανθρωπο-

267 1615 379 1702 τέροις,
405 1616 547 1701 ἀθυμίας
559 1623 683 1704 μακρῶς
695 1616 860 1704 ἐμβριθέσι
874 1616 997 1706 ῥοθίοις
1008 1615 1285 1704 περιαντλοάμενον
1298 1615 1381 1705 φρά-

160 1800 163 1806 ,
269 1745 365 1804 νημα.
393 1717 411 1786 ά
430 1719 538 1807 γεμήν
556 1719 703 1802 βασιλεὺς
719 1719 775 1788 τάν
787 1717 896 1786 ἐνόντα
909 1723 961 1786 καί
977 1720 1073 1797 αὐτὸς
1089 1719 1382 1808 ἀντιφιλοτιμοάμε·

267 1848 324 1899 νος
338 1818 457 1910 τρόπον
481 1821 626 1908 ήμείβετό
647 1847 682 1889 τε
706 1825 759 1888 καλ
789 1822 1013 1910 δαψιλέστερον
1039 1814 1136 1902 ἐξῶν
1155 1823 1319 1910 ἐπεφέρετο
1331 1829 1381 1888 λι-

237 1921 473 2010 Οθοιιολλήτων
494 1931 611 1992 σκευῶν
631 1923 717 2015 αὐτῷ
742 1927 796 1991 καί
818 1922 1051 2014 ἀργυρωμάτων
1072 1926 1301 2014 ἀντεχαρίζετο,
1329 1928 1382 1991 καὶ
1389 1942 1426 1996 15

172 2041 204 2099 V.
212 2026 339 2112 θκὶᾶμα
353 2028 408 2094 τὸν
423 2027 493 2096 υίία
505 2027 664 2113 Μονουήλ
677 2029 877 2116 ἐπηγγέλλετο
890 2026 1000 2096 ἀῶσειν
1014 2029 1064 2094 ἐπὶ
1076 2032 1212 2116 θυγατρί
1225 2029 1380 2116 γαμβρὸν,

270 2133 298 2196 sl
312 2127 415 2198 πάντα
435 2127 605 2217 βοηθήσειε
619 2127 737 2218 τράπον
751 2131 839 2222 cadrei
863 2134 916 2199 καί
933 2131 975 2198 τά
990 2132 1071 2218 πρὸς
1088 2131 1144 2198 τάν
1157 2129 1289 2218 Κράλην
1300 2139 1381 2219 Σερ-

269 2235 343 2317 βίας
368 2231 463 2300 εάοδα
485 2235 576 2320 θείη,
612 2235 801 2318 διαλλακτὴς
824 2233 920 2312 αάτάς
942 2231 1111 2311 καταστάς.
1144 2231 1220 2302 ddi
1239 2232 1382 2322 παράντα

268 2334 428 2421 θεώμενος
443 2334 504 2422 ήδη
522 2339 574 2404 καί
594 2335 650 2404 τάν
672 2343 729 2404 τοῦ
744 2338 898 2419 βασιλέως
910 2338 998 2421 uide,
1025 2340 1077 2404 καί
1092 2343 1150 2423 τῆς
1173 2364 1206 2405 τε
1221 2335 1382 2404 ἐπανθοά-

269 2463 329 2524 σης
341 2446 386 2530 τῷ
407 2440 480 2525 ἤθει
494 2436 624 2528 χάριτάς
644 2442 746 2508 τεκαὶ
767 2437 965 2526 ἀστειάτητος
990 2442 1043 2508 καί
1062 2437 1131 2524 ἅμα
1151 2447 1209 2526 τῆς
1223 2441 1428 2527 ἀγχινοίαςλο
1468 2506 1472 2514 ,

242 2540 466 2626 Βθαυμάζων,
494 2541 543 2610 ὅτι
565 2549 672 2632 πολλῷ
690 2567 750 2608 τινι
768 2543 875 2633 μέτρῳ
890 2541 1009 2629 ταάτην
1029 2540 1198 2630 ἐπλοάτησε
1211 2546 1383 2631 πρεσβυτέ-

270 2671 329 2734 ραν
350 2645 370 2732 ή
390 2647 471 2713 κατά
491 2645 549 2732 τήν
570 2652 628 2731 τῆς
648 2641 769 2730 ήλικίας
792 2646 895 2731 ἀκμήν
901 2695 912 2726 ,
947 2643 1075 2735 σφάάρα
1099 2672 1133 2714 τε
1153 2643 1320 2734 ἀπερήσθη
1335 2655 1382 2737 τῷ

271 2746 353 2840 λάγρι
378 2752 430 2816 καί
457 2746 545 2834 μάλα
566 2773 616 2816 τοι
645 2747 781 2834 άσμενος
807 2746 972 2834 άπεδέχετά
1000 2752 1105 2816 τεκαὶ
1127 2749 1381 2841 ἀντεπηγγέλλετο

270 2849 374 2919 πάντα
398 2849 479 2920 πάνυ
502 2848 678 2942 προθάμως
694 2850 844 2943 πράσσειν
865 2853 908 2920 τά
930 2852 1012 2920 ιιατά
1033 2850 1174 2938 γνῶμην,
1202 2856 1255 2919 καί
1275 2856 1302 2919 el
1317 2855 1381 2919 δέοι

266 3017 324 3071 Deo
339 3019 423 3070 auum
442 3021 470 3070 et
486 3015 544 3087 spei
562 3015 680 3070 incertae
695 3031 757 3070 suas
776 3033 820 3071 res
838 3016 1008 3072 committeus.
1042 3016 1162 3070 Instabat
1177 3016 1244 3070 enim
1260 3014 1298 3069 illi
1312 3013 1383 3070 cumi

268 3101 301 3142 er
315 3093 392 3155 perte
411 3086 533 3157 frequens
550 3085 639 3140 vilium
653 3091 681 3140 et
693 3085 882 3139 rusticanorum
897 3087 1024 3139 bominum
1044 3087 1184 3152 colluvies,
1207 3088 1252 3158 qni
1272 3086 1337 3139 clem
1353 3092 1382 3140 et

268 3163 373 3224 aperte,
390 3155 451 3208 binc
469 3163 548 3224 atque
565 3153 654 3220 illinc,
670 3155 781 3225 sparsim
794 3163 823 3208 et
836 3156 972 3208 confertim
986 3157 1186 3218 adoriebantur,
1202 3165 1230 3208 et
1241 3161 1380 3208 extremm

268 3224 348 3276 aciem
368 3224 478 3278 caedere
496 3240 528 3276 ac
547 3224 663 3277 urciuas
685 3225 786 3294 aliquas
807 3224 924 3294 ditipere
951 3225 1120 3278 conabantur.
1164 3224 1268 3278 Etenim
1287 3224 1381 3296 gravia

268 3293 347 3347 multa
363 3293 407 3362 (ut
421 3293 463 3346 lis
481 3293 569 3346 verbis
582 3294 657 3362 utar)
674 3293 829 3346 audentibus
845 3299 999 3358 occurnrnt,
1381 3299 1386 3308 ’

529 3361 633 3414 Hostile
650 3361 673 3414 si
690 3361 793 3432 quirin
810 3362 892 3414 solum
908 3363 1006 3415 inierat
1021 3361 1121 3432 pedem.

265 3429 346 3498 (Vl.)
367 3429 422 3482 Sed
440 3427 586 3502 priusquam
607 3429 662 3483 diei
679 3429 754 3483 unius
772 3431 826 3484 iter
841 3439 913 3484 esset
929 3431 1088 3496 conlatum,
1110 3430 1237 3484 festinans
1258 3430 1381 3484 Liberius

266 3499 368 3552 obviam
383 3497 422 3552 illi
437 3499 525 3566 venit,
543 3516 670 3570 manuque
686 3509 714 3553 et
731 3500 866 3554 voluntate
883 3507 912 3554 et
929 3501 997 3552 omni
1012 3500 1098 3554 cordis
1115 3501 1214 3554 affectu
1232 3501 1379 3565 σολοικίσαι,

266 3585 298 3621 ao
314 3567 406 3620 diebus
424 3567 525 3638 aliquot
540 3569 670 3622 continuis
683 3569 797 3652 bospitio
811 3577 964 3654 exceptum,
981 3569 1125 3634 recreavit,
1142 3576 1170 3622 et
1183 3569 1271 3622 verbis
1290 3571 1380 3622 huma-

265 3637 383 3691 nioribus
396 3637 506 3691 animum
519 3637 577 3692 eiua
591 3638 768 3702 confirmavit,
785 3639 812 3690 in
832 3647 900 3691 entus
913 3639 1104 3708 desperationis
1117 3638 1278 3707 gravissimis
1290 3637 1380 3690 flucti-

266 3707 315 3760 bus
328 3723 487 3775 oppresoum.
522 3711 559 3761 At
569 3708 710 3776 imperator
723 3707 809 3828 mupn'
830 3708 917 3760 centia
930 3715 958 3760 et
971 3709 1030 3778 ipse
1045 3722 1103 3760 cum
1117 3725 1149 3760 eo
1161 3717 1282 3771 certans,
1298 3707 1381 3759 itaut

268 3783 386 3845 poterat,
404 3793 452 3845 par
465 3773 524 3846 pari
538 3777 693 3858 referebat,
710 3793 742 3828 ac
777 3795 792 3830 e
809 3785 937 3845 gemmata
952 3777 999 3830 illa
1017 3781 1195 3860 argenteaque
1214 3775 1379 3846 supellectili,

266 3846 603 3968 tttnttttffltr
616 3845 739 3982 tttt
749 3848 992 3984 ffilffibiil‘e
1006 3845 1381 3967 limittit&

266 3987 323 4046 ret,
340 3988 368 4034 et
379 3981 476 4036 aditum
490 3982 522 4036 ad
534 3981 637 4036 Gralern
651 3983 761 4036 serviae
777 3983 904 4052 aperiret,
922 4001 954 4036 ao
967 3983 1169 4037 reconciliatoris
1184 3983 1271 4036 officio
1284 3985 1380 4052 lunge-

265 4057 345 4104 retur.
381 4051 434 4106 Hic
446 4067 509 4104 uero
522 4060 684 4121 praesentem
697 4051 748 4104 inm
765 4053 871 4106 intuens
885 4051 1048 4122 imperatoris
1063 4052 1160 4116 filium,
1176 4052 1337 4122 gratiamque
1352 4059 1380 4104 et

264 4120 453 4184 urbanitatem,
470 4137 537 4191 quae
550 4121 578 4174 in
589 4121 659 4174 illius
671 4121 784 4175 moribus
798 4123 932 4186 elucebat,
949 4138 980 4174 ac
992 4121 1125 4174 solertiam
1139 4122 1215 4174 dmul
1228 4121 1379 4184 admiratus,

263 4205 315 4258 qua
329 4189 374 4244 ille
389 4189 505 4244 seniliori
523 4206 600 4260 quam
618 4205 667 4259 pro
683 4190 727 4243 illo
743 4191 839 4244 aetatis
858 4190 924 4243 flore
941 4189 1139 4246 cumulatissime
1155 4191 1298 4243 instructus
1311 4199 1378 4252 erat,

263 4257 290 4311 id
304 4257 354 4310 sibi
370 4260 486 4330 promitti
500 4261 666 4312 vehementer
677 4260 783 4342 parisus
797 4267 846 4322 est,
857 4277 890 4311 ac
903 4259 1079 4311 lubentissime
1093 4259 1233 4321 consensit,
1250 4259 1378 4310 uicissim-

263 4344 315 4398 que
327 4347 370 4393 se,
387 4343 562 4402 quaecumque
573 4327 618 4385 ifle
632 4329 806 4396 desideraret,
826 4345 925 4384 eumuna
939 4329 1017 4384 animi
1033 4328 1170 4385 detritae
1181 4329 1308 4384 neuton
1320 4327 1378 4399 pol-
