3067 4792
256 179 356 254 1166
670 185 1028 258 ANNOTATlottES.
1304 270 1309 276 ,

343 349 414 428 Peg.
435 349 494 424 82,
515 347 546 414 4.
593 343 637 410 Td
650 350 713 410 coia
730 341 875 428 Toa'oaoa
890 343 1044 428 βασίλεια]
1068 345 1214 424 leonium,
1232 345 1412 408 Turoni-aaa

256 431 375 494 Sullani
395 429 494 492 eedem
514 433 697 511 primariam.
738 433 819 492 Vide
838 443 963 492 stamma
985 433 1179 492 Sultauorum
1199 431 1413 492 laoniensium

256 526 328 602 post
343 517 480 576 Familias
497 517 676 578 llalmaticas
690 538 722 578 n.
738 518 805 578 XV.
846 537 977 578 occaso.

343 621 421 699 Peg.
442 622 498 696 82,
521 620 551 689 5.
595 615 724 700 Malaia]
755 619 818 694 Qui
841 629 930 680 autea
957 618 995 678 ad
1020 617 1197 679 Michalilem
1217 617 1413 698 profugerat,

260 703 342 766 atah
359 724 394 763 eo
407 701 605 780 detinebatur,
619 725 657 766 ns
672 704 698 764 si
710 705 853 768 evaderet
864 726 914 768 rea
929 725 1023 766 novas
1039 705 1206 768 moliretur.
1228 702 1416 784 Pachymar.

261 789 317 854 lib.
330 789 367 848 ll.
382 809 449 868 cap.
464 789 575 850 XXIV.
616 809 746 852 nocane.

345 889 419 971 Pog·
441 894 499 966 88,
520 897 550 956 2.
587 883 659 975 'Hya
675 891 728 954 ast
743 889 850 972 ἔφερεν
865 890 997 954 ἐλπίδων
1007 884 1109 970 ὥσπερ
1121 883 1309 968 παράσιτον]
1331 893 1417 950 Sen-

263 975 357 1038 tentia
372 986 432 1052 est,
454 986 490 1034 ut
506 978 631 1058 parasiti
648 977 756 1038 mensis
779 977 908 1037 divitum
931 977 1066 1052 alantur,
1089 977 1132 1036 ita
1153 976 1241 1036 illum
1260 997 1314 1057 spe
1332 977 1416 1037 bona

262 1062 406 1123 lactatum
421 1081 492 1122 esse.
534 1082 678 1125 susurros.

351 1166 422 1243 ch.
444 1167 499 1238 88,
522 1169 552 1228 8.
594 1159 713 1238 Δύοξ
683 1158 796 1244 ἓξῆς’
774 1157 883 1245 nudato
905 1161 975 1244 ἔτη]
1012 1160 1154 1241 Acropol.
1172 1183 1241 1268 ιιι).
1258 1163 1415 1224 LXXXV.

266 1245 440 1327 Pachymer.
456 1209 508 1306 lili.
524 1249 563 1309 Il.
583 1271 648 1332 rap.
669 1251 780 1310 XXVI.
801 1269 936 1311 ausano.
979 1242 1100 1322 ΔιΙιιὲξ
1085 1250 1141 1326 ξῆς
1159 1242 1316 1328 ἦνῦετο*)
1340 1248 1416 1329 ἔτη]

265 1333 405 1394 Verterat
418 1333 559 1410 wolfius,
581 1333 650 1395 Duo
663 1336 796 1418 perpetui
810 1333 885 1392 ιιιιιιί
903 1333 1048 1392 emsa.
1089 1333 1152 1410 Ego
1171 1335 1265 1393 malui
1281 1343 1417 1408 vertere,

268 1415 422 1480 Secundus
435 1441 530 1480 annus
545 1403 658 1482 accidat.
701 1419 748 1480 ab
772 1418 964 1497 aequinoctio
981 1417 1149 1476 autumnali
1169 1419 1240 1478 anni
1257 1420 1416 1478 MCCLIX.

269 1523 330 1584 quo
343 1503 409 1564 finis
428 1503 531 1563 betto
521 1505 680 1603 impositus
696 1515 749 1580 est,
776 1503 815 1563 ad
832 1503 995 1563 solstitium
1008 1503 1154 1562 aestivum
1171 1526 1242 1564 anni
1233 1504 1337 1563 'lttct
1340 1504 1416 1565 LXI.

270 1609 331 1668 quo
344 1589 416 1648 belli
438 1591 574 1650 renovati
598 1589 720 1650 initium
743 1589 903 1665 statuitur,
926 1609 985 1646 nou
1007 1587 1243 1649 intercesserunt
1264 1590 1337 1648 anni
1355 1589 1418 1648 duo

270 1675 390 1752 integri
434 1669 615 1734 Verburn'
593 1669 704 1754 ηιιΙειο
733 1674 813 1754 apud
838 1673 1051 1752 Gregor'am
1026 1693 1071 1750 sag
1055 1673 1174 1733 suificat
1200 1675 1326 1751 exibat,
1356 1695 1418 1734 nou

271 1762 397 1820 exierat.
427 1760 478 1818 Sic
494 1761 572 1820 libro
589 1763 628 1820 X.
646 1781 712 1840 cap.
726 1761 749 1822 I.
763 1759 903 1837 τέταρτον
920 1756 976 1838 μὲν
990 1753 1030 1861 dp
1050 1757 1103 1820 καὶ
1118 1757 1343 1863 tssdoppxpatda
1357 1760 1419 1840 (lo-

272 1844 376 1924 quitur
395 1844 432 1904 de
450 1855 546 1905 aetate
559 1845 724 1906 Andronici
739 1841 879 1926 senioris)
894 1836 999 1916 ἔτις’
978 1867 1038 1905 ono
1032 1839 1260 1926 γενέσεως’
1219 1869 1301 1929 ovam
1288 1849 1419 1907 τελευ-

275 1951 367 1990 τωντι
385 1922 512 2008 sivriaco,
540 1945 663 2012 quartus
682 1927 799 2014 quidem
819 1945 847 1988 et
868 1929 1098 2010 septuagesimus
1117 1950 1213 1988 annua
1235 1931 1262 1988 α’
1280 1909 1419 1989 iaaorienta'

272 2012 385 2075 exibat.
428 2011 561 2090 Exibot,
581 2035 642 2074 non
665 2017 791 2076 eorierot.
835 2015 910 2073 Nam
932 2020 1052 2072 constat
1071 2013 1277 2074 Andronicum
1299 2035 1359 2073 non
1374 2025 1420 2074 to-

271 2105 320 2156 tos
337 2099 470 2158 LXXIV.
489 2120 581 2157 annos
601 2099 721 2159 uixisse.
752 2098 828 2159 Vide
848 2107 990 2158 annotata
1003 2098 1084 2158 infra
1104 2099 1144 2159 ad
1159 2099 1324 2160 Oraculum
1334 2100 1419 2161 'fral-

272 2181 386 2242 lianum
398 2184 453 2244 lib.
466 2184 516 2244 IV.
535 2205 599 2264 cap.
614 2186 649 2245 V.
667 2193 737 2243 sect.
751 2189 781 2251 9.
823 2203 939 2244 ιοιιιιιι.

298 2307 303 2318 ·
362 2289 432 2366 Peg.
455 2291 513 2360 88,
536 2291 588 2352 20.
622 2280 790 2369 Ἀγοραὶοις
803 2279 952 2368 cindados]
975 2286 1037 2362 Qui
1058 2308 1090 2347 se
1112 2288 1357 2368 Θεληματιιρὶοιις
1371 2308 1420 2369 ap-

272 2370 443 2453 pellabant,
477 2371 559 2450 quod
582 2391 638 2430 nec
660 2371 783 2431 Francis
803 2392 859 2430 nec
881 2371 1003 2432 Graecis
1027 2373 1150 2432 omnino
1178 2382 1337 2454 parerent,
1367 2373 1418 2432 sed

275 2466 363 2535 gente
394 2457 503 2516 Graeci
526 2477 561 2516 ac
581 2457 847 2556 Constantinopoli
863 2457 942 2530 nati,
964 2458 1031 2517 ruri
1052 2459 1192 2537 degentes
1214 2478 1268 2515 auo
1287 2457 1421 2518 colerent

276 2541 419 2624 praedia,
440 2541 487 2600 uti
502 2541 604 2602 innuit
623 2543 702 2601 idem
720 2543 887 2620 Gregoras:
910 2542 955 2602 sic
967 2543 1046 2602 enim
1062 2545 1253 2624 appellantur
1267 2565 1284 2600 o
1301 2543 1421 2623 Pachy-

275 2627 421 2690 meretis.
434 2627 468 2687 II.
485 2647 553 2708 cap.
565 2628 646 2688 XIV.
661 2628 772 2687 XXVI.
788 2626 881 2688 XVII.
904 2629 1080 2732 Anoarymus
1097 2630 1153 2692 Ma.
1168 2627 1308 2687 debellas
1322 2629 1420 2687 Fran·

276 2733 382 2774 cotum
399 2712 431 2772 iu
445 2712 604 2774 Morea:“
586 2737 656 2786 ενας
669 2709 742 2787 λαός
755 2707 926 2791 deductor,
949 2707 1005 2793 oin
1021 2701 1246 2795 asinitatem.
1268 2733 1400 2778 uucasc.

361 2809 1420 2900 Ρας.84,12.Αχριχιιιιιοςμιας]οοιιιιμιιιοιιιιιιιιιιιιωι

278 2921 310 2961 ae
328 2902 406 2961 infra
422 2902 475 2964 ait.
505 2863 661 2962 ’Phaeneas
680 2901 732 2960 lib.
756 2899 781 2960 Ι.
808 2921 876 2980 cap.
891 2901 942 2963 IV.
963 2902 1079 2980 equites
1100 2901 1221 2960 circiter
1237 2901 1340 2960 octino
1323 2913 1421 2980 „entes

277 3003 346 3046 cum
367 2989 456 3063 globo
480 2989 617 3066 peditum
645 2986 785 3046 habuisse
814 2987 1060 3066 Strategopulum
1087 2987 1205 3047 scribit.
1248 2985 1328 3048 Vide
1348 2987 1419 3048 IIist.

277 3070 412 3131 Franco·
419 3073 545 3152 Byzant.
558 3073 612 3132 lib.
626 3071 663 3133 V.
684 3091 747 3150 cap.
764 3071 875 3131 XXIV.
918 3092 1052 3135 nocane.

366 3177 439 3255 Png.
463 3175 520 3248 85,
546 3179 595 3240 19.
629 3171 691 3233 Καὶ
707 3170 726 3234 d
738 3177 874 3252 Καῖσαρ]
896 3172 1040 3254 ΔοιοροΙ.
1060 3193 1128 3254 cap.
1141 3173 1291 3235 LXXXV.
1314 3171 1420 3251 Pachy-

278 3279 352 3320 mer.
373 3260 426 3326 lib,
448 3258 486 3322 ΙΙ.
508 3279 574 3338 cap.
595 3257 718 3318 XXVII.
751 3258 829 3323 llist.
849 3259 965 3318 Franco
981 3257 1137 3338 ·Byaant.
1155 3259 1207 3322 lib.
1228 3259 1262 3318 V.
1283 3279 1314 3318 ιι.
1329 3259 1420 3317 XXV.

278 3344 389 3407 XXVI.
418 3345 543 3406 XXVII.
583 3361 714 3402 occano.
768 3345 900 3403 Graecos
927 3363 1122 3424 recuperasse
1146 3343 1421 3423 Constantinopolin

279 3451 358 3489 anno
376 3429 480 3489 Mundi
499 3429 549 3491 VI.
569 3428 783 3489 IIDCCLXIX.
804 3429 855 3489 die
878 3429 948 3489 Iulii
967 3430 1064 3494 XXV.
1087 3429 1199 3489 diserte
1220 3429 1262 3488 ait
1281 3429 1422 3506 Georgius

278 3515 464 3593 Acropolita.
489 3515 531 3574 lle
545 3513 595 3573 die
617 3521 760 3573 otmense
776 3513 855 3574 inter
873 3535 975 3591 omnes
997 3524 1134 3586 constan
1156 3536 1219 3591 non
1236 3515 1310 3574 ilem
1326 3515 1363 3574 do
1379 3535 1423 3572 an·

279 3621 330 3663 no.
363 3599 533 3661 Suntenim
556 3598 609 3677 qui
632 3599 782 3658 affirment
805 3609 1016 3680 recuperatam
1046 3601 1141 3663 fuisse
1161 3599 1360 3660 annottundi
1378 3599 1422 3658 VI.

279 3685 519 3746 ltocctxvttl.
542 3683 655 3743 Christi
672 3683 816 3744 MCCLX
838 3695 929 3764 alque
943 3706 1008 3744 eam
1021 3686 1149 3744 sortasse
1163 3687 1257 3744 fuisse
1268 3683 1422 3764 Nicephori

280 3773 431 3849 Gregorse
448 3771 638 3852 opinionem,
660 3767 739 3830 intra
763 3771 947 3830 ostendatur
978 3771 1082 3830 Codex
1100 3772 1212 3850 llagius
1231 3769 1344 3837 2525'2.
1359 3770 1424 3830 scri

281 3867 354 3938 ptus
370 3856 462 3937 paulo
484 3863 553 3936 post
579 3856 694 3915 obitum
717 3855 916 3915 Andronici
908 3856 1053 3933 iunioris,
1083 3877 1145 3936 quo
1168 3867 1306 3953 tempore
1332 3855 1423 3914 Ilosuit

284 3947 448 4018 Cragoraa,
473 3940 755 4021 Constantinopolin
769 3963 786 4001 a
802 3942 926 4001 Graecis
939 3952 1149 4037 recuperatam
1161 3942 1249 4021 ponit
1263 3961 1342 4000 atauo
1352 3941 1423 3999 liun-

283 4027 316 4088 (ΙΙ
333 4027 384 4090 V.I
406 4027 646 4087 MDCCLXVIII.
690 4028 726 4087 Ιιι
742 4026 871 4088 eundern
887 4048 997 4087 annum
1014 4028 1206 4088 consentiunt
1221 4025 1325 4086 Codex
1339 4027 1422 4092 2654.
1507 4084 1509 4147 l

315 4191 378 4266 *)’
360 4193 476 4266 ηιιΙειο,
495 4214 544 4251 nou
564 4193 682 4268 ἤνυστο,
699 4203 746 4252 aut
761 4193 916 4269 aoosddaip.
940 4212 1044 4253 ιοιιιιι.
