3067 4792
245 128 321 241 abo
561 176 797 249 nemnem
817 180 1059 253 annonara
1167 124 1170 129 ¹

79 348 110 402 Δ.
123 338 426 429 ἱόδῖόπεριγίνεται
447 339 498 407 καλ
528 336 644 425 κόσμος
668 348 709 432 τῇ
729 342 810 434 ἀρχῇ
828 346 1075 437 δημιουργεῖται·
1102 348 1270 438 ἀναλογίαν
1281 351 1343 441 γάρ

113 418 166 471 ¹¹¹⁶·
177 417 319 539 1ὀφὶβγειν
331 445 392 533 βίῳ
403 448 494 511 παντὶ
517 444 557 511 τά
572 441 739 533 χρήματα,
765 452 817 515 καί
834 446 972 532 μάλιστα
980 450 1105 523 πάντων
1117 465 1187 534 ταῖς
1202 451 1344 541 ἡγεμονι-

244 556 313 624 καῖς
327 546 454 634 ἀρχαῖς,
480 544 589 614 ὁποίαν
609 546 708 633 δήπου
730 561 797 629 τοῖς
811 560 887 619 πᾶσι
907 551 994 654 ζάορς
1008 552 1030 642 ἦ
1046 564 1110 625 τῶν
1127 563 1245 644 νευρῶν
1258 555 1342 643 σάμ-

244 652 333 733 πηξίς
355 674 390 715 τε
411 652 463 715 καλ
483 646 598 737 ἀρμονί
617 702 626 719 .
665 649 735 743 (ς’.)
755 654 854 723 Ὅθεν
873 653 999 725 ίλθόντι
1027 666 1072 750 τῷ
1092 662 1343 750 Καντακουζηνῷ

243 749 340 818 πάντ’
355 744 395 837 ἦν
409 751 587 821 παντάπασι
603 756 791 841 κεκενωμίνα
811 758 1015 840 ripaealtae
1030 774 1170 846 ταμιεῖα·
1197 764 1248 829 καὶ
1262 762 1369 848 πλὴν5

243 855 335 942 ἀίρος
350 858 402 921 καὶ
424 853 536 933 κόνεως
557 860 608 923 καὶ
631 866 694 925 τῶν
712 859 924 949 Ἐπικουρείων
939 866 1031 930 εἰπεῖν
1047 861 1190 949 ἀτόμων,
1218 863 1345 951 εὕρηται

242 958 334 1025 πλίον
353 958 442 1024 οὐδὲν
456 960 489 1025 lv
502 958 617 1037 αὐτοῖς.
646 963 715 1029 δίον
730 956 786 1030 οάν
803 967 931 1049 ζητῆσαι
941 970 992 1032 καλ
1008 973 1114 1051 λαβεῖν
1129 966 1150 1033 ἃ
1164 969 1221 1051 μὲν
1238 970 1271 1034 ἐκ
1288 974 1346 1053 τῆς

143 1068 235 1129 Ρ.497
240 1062 401 1146 βασιλίδος
409 1060 518 1147 Ἄννης
540 1066 582 1140 είς
601 1062 658 1141 τὰς
672 1071 735 1132 τῶν
753 1073 922 1149 βασιλικῶν
934 1070 1087 1155 ίνεργειιῖιν
1101 1069 1269 1156 ἀναγκαίας
1286 1073 1346 1137 δσ-

242 1161 360 1240 πάνας·
388 1162 409 1230 ἃ
424 1164 460 1230 δ’
476 1166 509 1229 lx
522 1172 585 1233 τῶν
597 1166 637 1233 τὰ
652 1164 788 1253 δημόσια
803 1170 1072 1256 κατεδηδοκότων,
1097 1172 1241 1239 κάκεῖθεν
1254 1198 1345 1259 πορι-

242 1268 382 1351 σαμίνων
396 1266 453 1352 τὴν
474 1276 531 1334 τοῦ
554 1275 696 1338 πλουτεῖν
716 1271 862 1361 εὐπορίαν
867 1324 878 1355 ,
900 1273 959 1340 κάκ
977 1273 1116 1360 πενήτων
1130 1272 1212 1343 πάνυ
1229 1300 1277 1342 τοι
1292 1293 1388 1360 γε-ιο

241 1366 377 1457 γονάτων
401 1371 546 1458 ίξαίφνης
567 1376 741 1441 πλουσίων·
771 1372 788 1441 ό
813 1378 848 1443 δὲ
867 1383 969 1465 σιωπῇ
989 1377 1186 1466 παρέδραμεν
1200 1376 1342 1443 ἅπαντα·

241 1472 306 1539 εἴθ’
316 1522 327 1553 ,
355 1468 398 1549 ὥς
417 1474 486 1555 ἐμοὶ
507 1478 606 1557 δοκεῖ,
634 1484 674 1565 τῇ
696 1482 902 1565 cappellani
923 1478 1088 1570 συντρόφῳ
1105 1478 1257 1567 πραότητι
1269 1478 1345 1545 κάν-

241 1581 350 1642 ταῦθα
359 1573 536 1663 χρώμενος·
564 1578 651 1661 εἴθ’,
679 1577 753 1657 uicti
774 1589 837 1647 τῶν
860 1584 1010 1649 πλείστων
1023 1580 1141 1671 ἐκρότει
1155 1580 1263 1669 λόγος,
1282 1584 1345 1647 δει-

242 1678 311 1755 λίας
331 1704 365 1743 τε
391 1680 610 1766 συνισχημίνος
638 1681 764 1769 τρόποις
785 1686 817 1762 l}
838 1682 1000 1772 όμοφυοδς
1021 1710 1105 1761 τινος
1126 1685 1271 1773 ἀφελείας
1292 1686 1345 1749 καλ

212 1780 309 1865 Βάμα
326 1779 434 1857 δεδιὼς
456 1779 609 1867 ἀδόκητόν
625 1810 694 1850 τινα
710 1782 839 1867 στάσιν,
867 1787 914 1899 ἔφη
932 1787 1165 1875 τεταραγμένων
1180 1788 1266 1877 αὐτῷ
1283 1766 1411 1857 τῶνδ’

146 1879 432 1969 Ὴοὶπραγμάτων
461 1889 513 1951 καλ
541 1884 713 1969 ἀνωμάλων
741 1886 848 1956 όντων.
891 1889 960 1979 (Ζ.)
989 1896 1149 1957 Τοσοῦτον
1177 1890 1237 1976 γὰρ
1268 1887 1345 1955 ἀπί-

246 2010 336 2070 σχετο
350 1992 407 2051 τοῦ
428 1991 536 2071 μηδενί
559 1988 606 2053 δι’
626 1987 718 2074 όγγλου
734 1993 878 2077 γενέσθαι
892 2000 955 2059 τῶν
970 1990 1072 2073 ὅσοις,
1094 1999 1139 2082 τῷ
1155 1998 1252 2081 καιρῷ
1266 1990 1346 2079 πρός

241 2085 383 2177 άρπαγὴν
400 2092 608 2175 χρησαμένοις
629 2092 801 2183 συμμάχῳ,
829 2096 1049 2179 διανείμασθαι
1070 2093 1286 2173 ξυνεπεπτιόκει
1304 2090 1346 2159 τά

241 2218 276 2259 τε
300 2190 396 2257 αὐτοῦ
421 2196 472 2258 καί
494 2194 534 2259 τὰ
554 2200 617 2260 τῶν
640 2194 924 2281 ἀκολουθησάντων
939 2198 1026 2288 αὐτῷ
1037 2194 1224 2285 πράγματα,
1247 2198 1346 2273 οίιιίας

242 2320 276 2361 τε
291 2296 341 2360 καὶ
357 2293 611 2404 ἀγοοΕς-διηλαδὴ
619 2346 630 2378 ,
660 2302 712 2363 καί
734 2298 795 2365 ὅσα
804 2301 923 2387 χρυσός
944 2303 997 2367 καί
1009 2299 1172 2387 μάργαρος
1189 2302 1241 2366 καί
1258 2302 1388 2367 λίθοιῖο

210 2401 415 2475 caelatam
430 2402 683 2485 συνοικοδομοῦσι
697 2405 749 2467 καί
769 2406 1026 2517 συνυφαίνουσιρ·
1054 2403 1132 2470 ὥστε
1147 2406 1199 2468 καὶ
1214 2403 1345 2489 ὀφείλων

241 2500 412 2567 ἀποδοῦναι
432 2502 511 2589 πρός
530 2508 593 2569 τῶν
612 2499 797 2590 ἧρπυκότων
812 2503 999 2592 ἀνειληφότα
1013 2505 1071 2589 μὲν
1084 2503 1121 2571 τό
1136 2509 1245 2572 οἰκεῖον
1260 2504 1344 2571 ἅπαν

240 2595 391 2692 πρότερον
406 2616 471 2682 τοῖς
482 2607 612 2692 μυρίους
626 2602 871 2693 δπομεμενηκόσι
883 2608 928 2674 δι’
946 2607 1042 2674 αὐτόν
1060 2604 1229 2687 κινδόνους,
1245 2632 1346 2692 προσ·

240 2712 413 2775 αποδοῦναι
427 2708 460 2774 δ’
479 2702 520 2775 αδ
540 2712 592 2775 καλ
611 2708 652 2777 τά
668 2720 732 2789 τοῖς
751 2708 858 2790 πόνοις
878 2708 1014 2797 ἀνάλογα
1035 2708 1161 2777 ἴπαθλά
1179 2733 1302 2799 σφισιν,
1325 2706 1343 2777 ὅ

309 2838 336 2891 7.
353 2834 373 2892 ἃ
389 2836 449 2893 add.
467 2838 542 2893 Boiv.

240 2946 359 2995 momenta
369 2941 470 3011 imperil
485 2942 647 2997 confluam
662 2943 795 3014 pertinere
804 2941 871 2997 enim
884 2942 1008 3014 pecuniae
1023 2942 1148 2998 rationem
1160 2940 1197 2997 ad
1207 2941 1346 3013 quemlibet

239 3017 350 3073 etatum,
367 3011 475 3064 maxime
488 3028 550 3065 vero
570 3014 603 3065 ad
623 3014 785 3082 principatua
804 3014 1008 3077 oonoervaudoa,
1025 3013 1058 3067 ad
1092 3030 1139 3065 uoa
1158 3012 1195 3064 ita
1215 3030 1244 3065 ae
1256 3012 1345 3077 babet,

239 3084 271 3130 ut
284 3078 317 3130 ad
335 3078 486 3133 animantem
497 3080 636 3149 compactio
650 3090 678 3134 et
690 3081 878 3151 coagmentatio
891 3099 1036 3135 nervorum.
1070 3082 1085 3149 (
1109 3082 1145 3150 l.)
1163 3080 1283 3134 Offendit
1293 3083 1346 3135 ita·

239 3162 293 3216 que
307 3146 499 3201 Cautaouaenua
512 3152 645 3205 tbeaauroe
658 3150 838 3221 imperatorum
850 3168 937 3203 omnen
949 3152 1050 3203 omnino
1065 3150 1213 3214 exhauritur,
1230 3149 1345 3219 nihilque

238 3214 267 3268 in
280 3214 313 3267 ila
328 3222 432 3286 praeter
445 3218 522 3271 inane
539 3226 566 3271 et
581 3220 711 3289 pulverem
726 3228 754 3272 et
764 3220 909 3289 ltpicureaa
923 3222 967 3287 (nt
982 3220 1021 3272 ita
1033 3218 1131 3287 dicam)
1144 3228 1250 3273 atomon.
1277 3220 1342 3271 Cum

238 3282 1343 3429 ltlntlttzttttlu‘sssszttffitilimittit:illailla:

239 3438 296 3475 cam
309 3423 455 3493 depopulati
469 3425 587 3491 tument,
605 3435 632 3481 et
646 3443 670 3479 m
722 3444 738 3479 a
751 3426 802 3479 eibi
815 3375 877 3479 iride
889 3444 966 3496 opum
978 3428 1007 3479 vi
1018 3434 1112 3497 parata
1124 3440 1156 3477 ex
1166 3423 1286 3506 inopibus
1299 3423 1342 3476 di-

238 3490 331 3544 b'aaimi
343 3493 429 3547 atatim
442 3494 600 3559 evasissent,
618 3495 662 3549 ille
670 3496 692 3547 ai
702 3496 772 3548 entia
786 3495 871 3549 omnia
883 3496 1056 3579 praeteribat:
1073 3494 1138 3557 aive,
1151 3502 1181 3546 ut
1193 3494 1253 3546 mul
1267 3493 1343 3547 vide·

238 3566 299 3624 tur,
315 3578 385 3615 auam
402 3562 470 3617 illam
489 3564 629 3633 ingenitam
651 3564 822 3635 coalitamque
839 3564 971 3619 lenitatem
988 3564 1015 3617 io
1033 3582 1064 3617 eo
1084 3580 1185 3633 quoque
1200 3562 1341 3628 retineret,

239 3628 309 3690 aive,
327 3637 358 3683 ut
369 3631 483 3702 plerique
496 3632 666 3699 dictitabant,
683 3633 780 3687 timidis
793 3633 904 3687 moribua
921 3633 1132 3703 praepediretur,
1149 3632 1259 3683 naturali
1274 3648 1342 3701 qua-

239 3696 299 3750 dam
314 3700 389 3753 animi
403 3701 561 3767 bumilitate3
580 3709 608 3755 et
620 3704 695 3772 quia,
712 3702 823 3757 turbidia
836 3703 920 3758 adbuc
938 3704 1016 3756 rebue
1037 3709 1063 3755 at
1078 3699 1189 3752 nondum
1207 3699 1343 3764 ordinatio,

239 3764 402 3836 improvisam
421 3770 532 3839 aliquam
551 3772 703 3826 seditionem
721 3772 909 3825 artimucaret
950 3770 1039 3839 (Vll.)
1056 3770 1169 3825 Tantum
1188 3786 1279 3838 nempe
1298 3769 1346 3822 ab⁴

240 3846 306 3900 arat,
323 3843 353 3891 ut
365 3838 484 3893 molentun
496 3848 566 3895 eaeet
577 3841 621 3893 ulli
635 3857 730 3905 eorum,
751 3842 798 3911 qui
810 3847 926 3910 wmpore
938 3839 980 3894 uai
993 3840 1027 3893 ad
1038 3838 1187 3908 rapiendam
1200 3844 1345 3908 opportuno

239 3906 331 3975 partiti
345 3906 412 3963 inter
423 3926 452 3963 ae
462 3909 572 3963 luiment
586 3927 643 3968 cnm
655 3910 737 3981 ipaiua
749 3910 869 3993 propriae
883 3908 1031 3975 facultates,
1050 3916 1104 3961 tum
1117 3924 1213 3971 eorum,
1228 3908 1274 3976 qui
1288 3922 1345 3989 eppo

238 3975 341 4044 sequuti
355 3982 443 4040 στοαῖς
462 3978 549 4031 domoc
564 3998 655 4051 nempe
673 3986 701 4033 et
713 3980 829 4048 praedia,
847 3986 875 4032 et
888 3994 1056 4048 quaecunque
1075 3993 1138 4031 auro
1152 3992 1183 4027 ac
1197 3982 1346 4045 mergentia

257 4046 394 4101 retioaiave
406 4046 534 4117 lapidibus
546 4065 592 4103 aen
605 4047 810 4119 compinguntur,
821 4064 867 4101 eeu
881 4056 1069 4111 αααεετοοῑαες
1085 4056 1115 4099 ut
1128 4045 1212 4107 immo,
1229 4061 1285 4097 curn
1297 4044 1346 4096 le·

257 4121 322 4181 eret,
341 4115 421 4185 primo
436 4116 537 4186 quidem
550 4135 604 4171 rem
619 4134 716 4171 omnem
731 4116 896 4180 familiarem,
914 4117 947 4170 ab
960 4116 994 4169 iia
1010 4115 1054 4186 qui
1066 4112 1234 4199 diripoiaaent
1247 4110 1347 4195 repeti-

238 4186 300 4251 tam,
317 4186 456 4243 raumara
468 4186 511 4253 iia,
524 4188 569 4259 qui
578 4188 695 4258 penicilla
706 4202 754 4258 pro
767 4204 798 4242 ae
810 4185 912 4243 mania
926 4185 1067 4251 obiiaaeat,
1084 4182 1179 4239 danda
1193 4190 1222 4235 et
1230 4196 1348 4253 praem
