3067 4792
265 301 269 308 '
367 284 605 355 HISTORIAE
622 284 902 353 BYZANTlNAE
922 281 1055 357 XVI.7.
1183 274 1258 347 859

155 448 320 534 Ῥωμαίοις
333 447 436 527 λ’δοξεν
449 448 569 535 ἀγαθός
591 450 699 527 οίωνδς
718 451 771 516 καλ
792 453 921 535 μακρῶν
942 448 1073 515 ίλπίδων
1086 444 1256 534 προοίμιον.
1276 455 1305 510 Α.
1317 453 1423 509 &1³48

159 554 268 637 τὸμὲν
284 552 343 639 γάρ
369 555 515 618 ἐπιοῦσαν
536 554 705 633 δίξαοθαι,
729 550 838 638 πρὶνῆ
857 553 1086 639 προσδοκάσαι,
1112 552 1162 615 καὶ
1178 526 1423 647 ‹inoffffifgl‘

161 653 360 742 κροόσασθαι
373 655 430 739 τὴν
447 664 510 721 τῶν
525 658 678 739 πολεμίων
693 654 818 742 ἴφοδον,
834 660 945 744 μακρῷ
958 679 1016 718 τινι
1030 649 1258 740 κραταιότερον,

161 757 183 845 ἢ
206 760 362 841 πολεμίων
380 753 489 843 χώραν
511 757 606 823 αὐτόν
624 784 693 825 τινα
712 752 954 842 καταδραμόντα
982 754 1162 839 στήσασθαι
1185 752 1261 842 τρό-

143 878 267 933 suasca.
295 858 342 937 οἷς
363 860 422 947 γάρ
439 861 472 936 ἐς
490 857 673 945 ὑπερορίους
688 862 883 946 ίκστρατείας
902 854 1192 942 παρασκευάζεσθαι
1203 883 1260 941 με-
1291 929 1293 936 ,

162 964 324 1048 μελίτηται
331 1013 342 1045 ,
367 960 489 1039 τοότοις
504 962 544 1047 δὴ
565 966 616 1029 καῖ
632 970 782 1051 περιττῶς
794 989 827 1029 τε
847 958 934 1045 μάλα
949 964 1000 1027 καὶ
1014 968 1160 1047 σοβαρῶς
1171 958 1292 1026 inst-u

160 1070 273 1147 Ιζεσθαι
288 1066 470 1149 ἀναγκαῖον,
492 1069 543 1131 καῖ
557 1064 660 1133 πάντα
675 1066 752 1153 πρὸς
765 1065 802 1131 τό
817 1065 952 1141 ἀνενδείς
962 1068 1014 1131 καὶ
1028 1062 1261 1151 φιλοτιμότερον

163 1170 197 1233 dx
214 1174 332 1235 πολλοῦ
347 1175 402 1234 τοῦ
416 1165 530 1253 χρόνου
546 1176 651 1251 τελεῖν,
675 1166 728 1235 ἅτ’
745 1170 778 1234 ἐν
797 1168 945 1258 ἀλλοτρίᾳ
960 1174 998 1255 γῇ
1012 1173 1169 1233 ποιεῖσθαι
1184 1166 1260 1250 μίλ-

164 1278 252 1337 λουσι
269 1272 326 1347 τὰς
342 1268 519 1358 ὖπαίθρους
536 1273 776 1359 στρατοπεδείας
784 1276 800 1309 ·’
821 1268 867 1348 οίς
881 1273 933 1336 καλ
951 1274 978 1335 εἰ
989 1277 1112 1358 νικῷεν,
1137 1270 1262 1354 μίτριος

125 1372 221 1457 ιομίν
236 1398 284 1450 τις
306 1374 408 1439 ἕπεται
427 1373 567 1456 δἰιαινος,
592 1382 705 1458 θαῦμα
721 1374 755 1441 δ’
780 1373 828 1456 οό,
854 1379 918 1440 τῶν
930 1370 1117 1460 παραδόξων
1137 1372 1264 1449 οὗδενός

165 1476 394 1562 πεπραγμένου,
421 1476 491 1543 ἀλλ’
515 1475 583 1555 ἑνὸς
604 1484 667 1545 τῶν
688 1475 749 1543 ὅσα
761 1482 835 1543 ,τῶν
856 1476 1119 1562 προσδοκωμένων
1138 1468 1188 1560 ἦν.
1215 1471 1263 1553 οἷς

165 1582 186 1644 δ
190 1578 199 1604 ³
215 1579 292 1645 olims
303 1580 492 1664 καθημίνοις
507 1576 752 1666 ἀπροσδοκήτοις
766 1579 804 1645 τό
818 1580 963 1662 πολίμιον
978 1576 1072 1644 ἴπεισι
1083 1585 1157 1658 πῦρ,
1177 1584 1263 1643 θαυ-
1341 1588 1345 1597 “

164 1681 285 1765 μαστόν
295 1730 306 1762 ,
326 1684 353 1747 εί
370 1682 416 1765 μὴ
439 1684 618 1766 ζημιωθεῖεν
632 1682 668 1749 τό
687 1684 748 1769 ζῇν.
777 1684 805 1749 εί
825 1684 860 1747 δὲ
871 1683 1017 1767 γενναίως
1030 1683 1082 1749 καὶ
1098 1680 1359 1767 εὐθαρσῶς-ΕΜ

166 1783 562 1870 ἀνταγωνισαμένοιςμιτά
582 1782 663 1851 πάνυ
687 1791 799 1871 μικρᾶς
823 1788 874 1850 καὶ
890 1791 946 1869 τῆς
958 1780 1193 1871 προστυχοόσης
1206 1786 1263 1849 ‹lv-
1333 1804 1336 1809 ·

125 1884 288 1969 15sdpsswc
304 1887 420 1973 γίνοιτο
442 1884 713 1974 ἀποκρούσασθαι,
734 1894 828 1955 τοῦτο
846 1888 866 1953 δ
870 1886 880 1911 ’
900 1886 961 1973 ἤδη
976 1889 1028 1951 καί
1041 1885 1264 1971 θαυμάζεσθαι

165 1987 261 2067 ἀξιον.
289 1992 316 2054 εί
335 1990 369 2055 δὲ
383 1992 434 2055 καλ
455 1987 538 2057 oliuo
552 1988 860 2077 κατατροιιάσασθαι
873 1989 1009 2075 γίνοιτο,
1034 1986 1077 2066 ὥς
1088 1991 1170 2076 μηδὲ
1184 2015 1264 2077 πυρ-

165 2089 265 2180 φόρον
285 2096 461 2180 λελεῖφθαι,
486 2092 523 2159 τό
538 2092 576 2177 δὴ
591 2090 764 2180 λεγόμενον,
782 2098 876 2159 τοῦτο
892 2090 926 2158 δ’
945 2092 1067 2159 ἐκείνων
1079 2098 1189 2181 μακρῷ
1205 2117 1262 2159 τινι

94 2207 96 2211 ’
164 2196 296 2277 βέλτιον.
338 2194 404 2283 (E.)
431 2192 530 2280 Καῖῆ
548 2196 605 2279 μὲν
620 2196 722 2281 πεζικὴ
745 2202 809 2263 τάν
821 2200 956 2282 Περσῶν
976 2195 1073 2280 ἐκείνη
1090 2192 1219 2278 δόναμις
1233 2196 1266 2271 ἒς

164 2302 259 2363 τοῦτο
277 2294 372 2381 τόχης
391 2295 537 2382 ἐλήλαται
559 2300 610 2363 καὶ
630 2297 810 2387 ἠφάνισται.
837 2304 894 2383 τῆς
910 2296 943 2363 δ’
960 2297 1085 2383 ἱππικῆς
1098 2295 1226 2364 κατόπιν
1244 2294 1262 2365 ό
1299 2295 1303 2303 ’

124 2416 159 2471 m
165 2400 311 2482 βασιλεὺς
329 2402 361 2477 ἐξ
373 2397 571 2487 Ὀρεστιόδος
592 2401 649 2487 τὴν
670 2403 774 2481 δίωξιν
794 2400 1103 2486 κατεσπουδασμίνην
1121 2399 1201 2486 μετὰ
1211 2404 1291 2485 χι-Β

165 2505 240 2569 λίων
266 2502 384 2568 ἱππίων
410 2504 600 2588 πεποιηκὼς,
630 2502 795 2591 ίιιειδήπερ
821 2500 1024 2579 ἀσυντάκτοις
1044 2504 1079 2569 lx
1101 2510 1160 2589 τῆς
1183 2506 1268 2583 λείας

164 2601 418 2690 ἀναζευμνόουσιν
435 2603 612 2691 ἐντετύχηκε
617 2656 628 2688 ,
658 2606 733 2683 τοάς
754 2608 813 2690 μίν
835 2608 1031 2692 τριακοσίους
1052 2602 1267 2690 ἀπηντηκότας

165 2706 321 2790 εὐτόλμως
350 2706 439 2795 ’ἔργον
467 2706 605 2796 ἀπίφηνε
627 2710 756 2797 ξίφους·
789 2705 836 2786 οἷς
856 2709 892 2774 δὲ
911 2706 1078 2795 πόρρωθεν
1093 2708 1267 2774 αι’σθίσθαι

168 2810 341 2894 ξυνηνίχθη
365 2816 423 2895 τῆς
442 2806 563 2895 μάχης,
588 2808 711 2887 τοότοις
727 2811 762 2877 δὲ
783 2816 866 2899 φυγῇ
886 2810 943 2895 τὴν
956 2813 1111 2897 σωτηρίαν
1123 2813 1195 2895 δίχα
1210 2816 1267 2897 τῆς

123 2914 249 2988 λελείας
262 2915 445 2999 πορίζεσθαι
459 2914 605 2999 ίξεγίνετο
620 2910 755 3001 σποράσι
769 2915 820 2978 καὶ
832 2910 1044 2989 ἀσυντάκτοις.

165 3042 231 3096 rium
247 3059 305 3094 esse
315 3040 401 3095 visum
415 3045 465 3105 eet,
482 3048 511 3095 et
523 3058 631 3111 magnae
643 3038 880 3163 speqpraeluslium.
905 3040 1012 3094 Scilicet
1023 3040 1182 3111 ingruentem
1196 3040 1268 3096 exci-

168 3128 242 3181 pere,
261 3110 410 3181 priusquam
420 3111 591 3179 praevideris,
606 3118 634 3163 et
644 3128 692 3180 rep
728 3128 774 3165 cre
784 3110 895 3163 boetium
902 3110 1033 3181 impetum,
1041 3112 1125 3163 virtus
1136 3120 1178 3165 est
1187 3110 1267 3167 multo

165 3178 255 3243 maior,
272 3194 347 3247 quarn
360 3179 384 3231 si
397 3180 454 3248 quis
467 3178 538 3233 lacta
549 3180 576 3233 in
591 3180 709 3233 hostilem
766 3196 822 3233 rum
837 3178 987 3233 excursione
1005 3188 1139 3250 tropaeum
1159 3185 1267 3236 statutt.

167 3248 299 3318 Aquibus
316 3248 382 3301 enim
403 3248 598 3318 praemeditatis
619 3248 712 3303 bellurn
730 3197 856 3303 :dvenae
879 3256 983 3302 exteras
1001 3258 1094 3318 gentes
1116 3258 1267 3319 apparatur,

165 3334 210 3369 eos
225 3316 352 3369 cumulate
368 3322 396 3368 et
409 3315 542 3386 splendide
556 3316 695 3371 instructos
709 3334 767 3373 esse
785 3336 891 3372 necesse
904 3325 961 3383 est,
978 3324 1006 3371 et
1017 3318 1101 3373 omnia
1119 3317 1268 3388 adplenum

167 3384 244 3454 longo
265 3392 327 3439 ante
343 3383 483 3455 diligenter
497 3386 548 3439 sibi
562 3402 741 3457 comparasse3
758 3386 899 3456 atquibus
916 3392 1023 3440 externo
1037 3386 1066 3440 in
1081 3386 1137 3439 solo
1154 3388 1204 3441 sub
1222 3388 1267 3440 dio
1360 3442 1366 3453 ,

167 3452 398 3507 castrametandum
417 3453 468 3507 site
493 3461 521 3507 et
538 3454 559 3507 ii
574 3453 692 3537 quidem,
709 3456 733 3508 ai
745 3456 865 3519 vincant,
882 3456 1036 3509 mediocrem
1057 3455 1156 3509 lassdem
1177 3473 1269 3511 eonse-

165 3530 293 3592 quuntur3
310 3540 359 3576 uec
372 3522 476 3586 mirum3
495 3540 552 3577 cum
564 3524 627 3577 ushil
642 3530 748 3594 praeter
761 3524 916 3595 opinionem,
933 3540 1023 3578 serum
1035 3525 1061 3578 id
1077 3525 1147 3595 qood
1162 3524 1268 3596 praevi·

165 3608 220 3712 t?
232 3591 624 3730 {liiidilllilullllil'
642 3593 1091 3717 milltt‘tltltltllt’
1108 3595 1267 3727 iiiiii

167 3698 224 3781 deln
240 3734 346 3782 strenue
362 3728 536 3800 audacterque
550 3698 701 3800 pugn'ando,
718 3748 802 3801 parva
815 3730 950 3785 admodum
968 3739 996 3785 et
1010 3732 1121 3786 lonuitu
1137 3733 1266 3789 bominum

168 3814 272 3862 manua,
290 3799 388 3853 hostem
403 3799 561 3868 repulerint,
579 3800 605 3853 id
619 3798 722 3869 quidem
738 3802 789 3855 iam
806 3799 975 3855 admiratione
991 3800 1104 3870 dignum.
1139 3804 1211 3857 Atei
1227 3804 1266 3858 ita

166 3865 362 3931 debellaverint,
379 3871 409 3921 ut
420 3884 471 3921 nec
483 3868 588 3938 ignifer,
624 3869 775 3934 modularet,
798 3869 906 3923 relictus
921 3869 966 3933 sit,
983 3868 1011 3924 id
1024 3888 1087 3923 reru
1099 3870 1176 3940 louge
1190 3891 1268 3942 prae·

166 3932 335 3989 clarissimum
350 3942 398 3988 eat
435 3938 498 4004 (V.)
515 3940 554 3991 Ac
570 3886 700 4006 pedestris
712 3939 814 4007 quidem
825 3938 870 3991 illa
882 3938 1021 3992 Persarum
1034 3956 1124 3995 manae
1138 3958 1194 3995 eum
1209 3946 1267 3999 eri·

165 4008 219 4056 bum
230 4004 324 4057 sortita
341 4012 368 4056 et
378 4005 408 4057 iu
421 4005 488 4059 bunc
500 4005 602 4059 modom
615 4006 701 4062 deleta
713 4015 764 4063 est.
798 4006 949 4078 liquitatum
962 4016 1048 4062 autem
1059 4010 1118 4079 ipse
1128 4011 1269 4082 imperator

166 4071 200 4125 ab
220 4073 286 4126 urbe
304 4072 444 4127 Orestlade
464 4092 519 4129 cum
538 4076 669 4145 equitibus
686 4076 756 4131 mille
776 4075 897 4129 celeriter
915 4093 992 4147 perse
1011 4087 1103 4144 nutus,
1126 4090 1196 4135 etnt
1207 4099 1268 4141 aee

165 4140 263 4207 praeda
279 4141 443 4211 recipiebant
457 4142 615 4198 inordinatos
631 4150 738 4210 nactus,
756 4148 889 4199 trecentos
900 4145 947 4229 qui
962 4096 1088 4201 audacter
1100 4160 1268 4205 occurrerant

165 4208 235 4273 fesso
250 4208 356 4265 delevit.
391 4212 512 4277 (laeteri,
530 4230 587 4270 cum
601 4232 617 4267 e
630 4214 770 4283 longinquo
783 4231 896 4283 pugnam
911 4215 983 4269 sllum
997 4216 1152 4286 seminent,
1170 4223 1267 4291 praeda

164 4278 274 4345 amitas,
292 4278 412 4351 palantes
425 4280 587 4354 dispersique
601 4284 665 4353 luge
678 4282 757 4343 saluti
770 4283 960 4350 consuluerunt·
