3067 4792
131 283 135 292 '
246 265 322 344 666
550 276 787 350 NICEPHORI
810 276 1079 349 GREGORAE‘

85 455 110 504 a
125 451 158 502 Μ.
168 451 235 506 6851
248 435 385 528 έγεγύνει,
404 437 497 527 ἀμηδ
501 439 512 466 ’
523 435 602 518 ὅλως
609 439 732 526 οάδαμῇ
744 441 954 528 προσεδοκᾶτο
962 449 1028 518 τοῖς
1043 435 1264 524 κινδυνεύουσι,
1278 441 1359 528 μηδ’

115 521 168 576 hd·
181 525 297 648 11Ιηέντὶ
318 547 448 632 καρδίαν
473 544 568 628 ἀνέβη
590 540 722 628 θνητήν.
749 551 795 633 τῷ
816 544 873 626 μέν
896 543 956 631 γὰρ
976 541 1102 628 βασιλεῖ
1117 542 1245 628 ἥδιστόν
1264 571 1294 610 τι
1309 546 1363 610 καὶ

215 649 217 654 ’
249 649 424 734 έλευθέριον
449 647 706 714 ἀναπεπνευκίναι
731 647 866 732 ἐπῆλθεν
891 646 968 729 ὀψέ,
1010 649 1146 714 καὶτῶν
1166 646 1239 714 κατ’
1264 646 1362 714 αὐτὸν

247 747 439 838 πραγμάτων
455 747 552 836 ἀρχὴν
567 751 692 832 νομίσαι
706 752 795 816 τουτί
816 751 868 814 καὶ
883 746 1073 842 cosdumis
1090 747 1238 836 repetiens·
1264 756 1309 839 τῷ
1326 751 1363 814 δὲ

247 859 311 922 τῶν
336 857 522 940 Τριβαλλῶν
555 851 679 942 ἀρχηγῶ
706 851 750 917 δι’
780 851 874 938 ἀργῆς
903 857 1061 919 ποιεῖσθαι
1083 853 1121 919 τδ
1137 853 1282 937 συμβὰν,
1309 855 1391 918 καὶὸ

246 957 409 1047 μεταμέλῳ
424 962 535 1045 μακρῷ
556 955 613 1040 τὴν
627 954 733 1038 ψυχὴν
746 953 947 1038 κατατήκειν,
975 953 1027 1021 ὅτ’
1050 957 1082 1021 έν
1095 965 1199 1041 χεροῖν
1213 954 1292 1038 ἔχων
1304 981 1363 1038 με·

247 1065 346 1142 θῆκεν
363 1055 422 1124 ἀπ’
446 1058 596 1140 ἀβουλιάς
617 1056 671 1122 τδν
690 1063 819 1151 μακρῶν
839 1063 1013 1145 θησαυρῶν
1032 1056 1234 1143 γενησόμενον
1249 1058 1361 1139 αίτιον,

152 1172 181 1226 Ρ.
190 1169 241 1228 409
248 1159 328 1228 κατά
348 1186 381 1246 τε
396 1165 530 1228 πλοῦτον
545 1159 643 1246 ἀρχῆς
658 1156 736 1242 ὁμοῦ
750 1162 803 1225 καί
814 1157 984 1248 χρημάτων
999 1164 1050 1226 καὶ
1064 1160 1202 1248 ἀφοβίας
1214 1166 1278 1227 τῶν
1290 1162 1362 1246 έφε-

248 1270 304 1348 ξιῖς
330 1265 503 1347 δαψίλειαν.
559 1261 628 1353 (Ζ.)
651 1259 814 1346 Ἐβούλετο
835 1264 893 1345 μὲν
910 1255 967 1330 σύν
979 1260 1113 1346 πόλεμον
1128 1263 1271 1349 ἀρασθαι
1287 1262 1360 1328 κατ’

248 1367 366 1447 αὐτοῦ,
394 1369 445 1432 καί
465 1363 569 1452 μάχης
592 1363 685 1453 ἀρξαι
707 1373 905 1452 περιφανοῦς.
938 1366 1047 1442 δεδιὼς
1070 1366 1105 1432 δ’
1130 1359 1188 1448 αὖ,
1223 1366 1268 1450 μὴ
1283 1366 1363 1452 πρὸς
1372 1373 1409 1430 10

249 1469 401 1554 ἀθέτησιν
416 1475 538 1557 πρῶτος
555 1464 705 1556 χωρήσας
727 1466 823 1545 αάτδς
848 1474 912 1550 τῶν
934 1467 1166 1552 ὀμωμοσμένων
1192 1465 1363 1556 ἀντιπράτ-

226 1598 334 1654 ,τοντι
359 1578 528 1660 προφανῶς
548 1568 658 1658 ἐντύχῃ
683 1577 728 1660 τῷ
756 1571 856 1659 θείῳ,
894 1569 1061 1638 κάντεῦθεν
1090 1571 1186 1658 ἥττης
1203 1569 1362 1659 ἀγώνισμα

248 1676 369 1760 γένηται
387 1676 467 1760 μέγα
488 1677 540 1741 καί
555 1672 621 1758 ἅμα
633 1679 691 1758 τῆς
705 1674 737 1750 ἐξ
752 1669 930 1760 ἀνθρώπων
941 1672 1053 1758 χλεύης
1065 1680 1238 1762 κληροῦχος
1253 1675 1360 1752 εύθύς,

217 1777 372 1862 Βέντέσχιν
392 1778 423 1854 ές
441 1803 475 1863 γε
491 1777 526 1843 sd
549 1776 667 1864 παρὸν,
702 1782 809 1860 σιγῶσι
833 1781 990 1860 λογισμοῖς
1011 1780 1158 1844 δαπανῶν
1172 1779 1229 1862 τὴν
1244 1773 1362 1861 ψυχήν.

248 1880 336 1968 δ’φθη
355 1880 415 1967 γάρ
438 1878 591 1966 ἑκατέρων
614 1877 730 1962 μεταξύ
757 1877 804 1942 δι’
829 1875 930 1963 ὅρκων
951 1885 1164 1962 βεβαιωθεῖσα
1182 1883 1360 1966 συμφωνία,
1372 1897 1408 1951 15

248 1985 417 2070 μηδέτερον
437 1983 596 2071 μηδετέρῳ
617 1981 692 2046 ποτὲ
717 1981 860 2066 γίνεσθαι
880 1977 1009 2064 κώλυμα
1023 1981 1103 2070 πρδς
1116 1983 1259 2066 εὐτυχίαν
1275 1980 1365 2067 ἡντι-

249 2093 346 2152 aanor
370 2085 586 2171 ἀπαλλαγεῖσιν
612 2079 771 2168 ἀλλήλων,
804 2081 879 2148 ἀλλ’
904 2085 1041 2167 ἐμμένειν
1055 2095 1121 2161 τοῖς
1136 2083 1264 2162 ἀσύλοις
1278 2085 1365 2171 ὅροις

248 2187 298 2254 ἀεὶ
316 2193 371 2272 τῆς
385 2189 506 2274 φιλίας,
532 2189 586 2253 καί
601 2195 766 2272 συγχωρεῖν
783 2197 853 2261 ταῖς
872 2193 934 2252 τῶν
947 2189 1127 2267 Βυζαντίων
1143 2185 1290 2274 ἀνηκόοις
1306 2186 1365 2254 πό·

236 2295 354 2374 ,necem
382 2288 444 2380 ὅτῳ
458 2285 622 2372 βούλοιντο
639 2297 831 2376 προσχωρεῖν
844 2284 1018 2371 ἀπῶστιοτε,
1046 2296 1104 2356 νῦν
1116 2293 1175 2373 μὲν
1189 2290 1270 2358 καθ’
1288 2289 1366 2374 ἀμο-

250 2395 373 2477 λογίαν,
411 2399 467 2459 νῦν
489 2391 523 2458 δ’
547 2393 581 2458 ἔκ
603 2393 783 2480 πολιορκίας
805 2387 958 2479 ἑκατέρων
977 2391 1057 2476 ἀλλη
1082 2392 1186 2482 ἀλλῳ,
1220 2394 1410 2478 synnodum

221 2493 379 2586 θοάδενδς
394 2495 494 2562 addend
510 2501 695 2562 καθεστῶτι.
723 2490 824 2582 ταύτῃ
844 2517 893 2560 τοι
908 2496 960 2562 καὶ
976 2495 1028 2560 διά
1040 2500 1149 2580 μυχῶν
1160 2495 1275 2585 ίκρυῳε
1289 2520 1364 2564 σιω-

138 2587 142 2598 ’
255 2606 317 2684 πῆς
333 2597 370 2664 τὸ
384 2598 509 2681 συμβὰν
521 2597 558 2664 σύ
571 2593 657 2680 μύλα
675 2596 803 2664 ἐθέλων.

160 2675 265 2798 γῆξ
334 2699 371 2780 ς’.
396 2700 447 2768 Ἐν
473 2699 513 2785 δὴ
533 2697 656 2778 τούτοις
679 2689 750 2785 ἧκεν
777 2700 810 2766 ἐκ
834 2700 1006 2777 Θετταλίας
1025 2701 1076 2766 καὶ
1101 2696 1118 2766 ὅ
1140 2706 1198 2766 ῐθῦ
1212 2702 1365 2784 βαωύῖωέ

323 2847 365 2902 15.
389 2846 431 2899 Ite
447 2863 513 2900 corr.
531 2845 605 2903 Boio.
624 2861 672 2918 pro
690 2846 893 2916 βεβαιυδεῖσαι
908 2847 1077 2914 συμφωνίαι.

251 2965 320 3029 inm,
338 2963 483 3020 nudamus
497 2965 621 3034 praevisa
639 2965 758 3029 fuerant,
776 2981 825 3017 nec
836 2963 974 3017 humanam
991 2963 1019 3016 ia
1034 2967 1144 3017 meatem
1157 2979 1270 3033 anquam
1283 2981 1365 3019 rene-

250 3041 318 3092 rent.
352 3033 379 3090 Is
395 3035 493 3104 quippo
511 3043 619 3088 eventus
642 3033 711 3096 fuit,
732 3043 763 3088 ut
780 3035 921 3104 imperator
940 3031 1044 3102 quidem
1064 3032 1214 3086 suavissime
1233 3051 1265 3086 ac
1282 3035 1366 3090 libero

251 3101 355 3158 tandem
370 3102 528 3171 respiraret,
544 3101 659 3171 illudque
676 3101 728 3157 sibi
747 3120 834 3156 rerum
849 3103 1018 3156 secundarum
1036 3101 1136 3155 initium
1152 3119 1184 3154 ac
1195 3101 1303 3170 primum
1319 3123 1365 3157 re-

252 3171 302 3226 lati
316 3171 504 3224 fundamentum
519 3190 576 3224 esse
590 3171 712 3225 duceret:
729 3170 903 3228 Triballorum
916 3177 1001 3223 autem
1015 3187 1061 3222 rex
1077 3171 1140 3224 iilud
1159 3171 1255 3224 factum
1268 3171 1366 3226 irasce-

253 3249 341 3303 retur,
358 3257 389 3292 ac
405 3240 564 3310 poenitentis
579 3239 741 3304 tabesceret,
758 3240 828 3310 quod
842 3257 917 3309 quem
931 3239 958 3292 iu
977 3240 1093 3292 manibus
1109 3239 1236 3293 habuerat
1255 3258 1302 3310 per
1316 3242 1365 3294 im·
1477 3296 1482 3304 ,

253 3309 415 3380 prudentiam
432 3307 587 3372 dimisisset,
605 3325 751 3378 magnorum
769 3309 991 3362 emolumentorum
1005 3309 1163 3361 occasionem
1176 3309 1290 3362 futurum
1302 3311 1365 3375 sibi,

253 3379 310 3434 sive
324 3377 457 3446 imperium
471 3385 498 3430 et
510 3377 676 3447 pecuniarios
690 3377 790 3432 reditus
802 3395 909 3446 augere,
923 3377 981 3430 sive
993 3378 1156 3430 securitatem
1169 3376 1221 3430 sibi
1233 3377 1260 3430 in
1275 3388 1364 3449 posto·

252 3465 310 3530 rum
323 3445 424 3518 plenam
440 3463 533 3518 parare
551 3445 684 3500 voluisset.
719 3447 808 3528 (Vli.)
831 3447 931 3501 Bellum
950 3445 1032 3514 igitur
1050 3447 1154 3530 volebat
1175 3463 1235 3529 cum
1250 3465 1281 3529 eo
1305 3465 1364 3500 σιω·

252 3513 919 3656 tittzi’pttdtdtdftffltidentitas
930 3515 1195 3653 „desistunt
1212 3523 1365 3653 tandit

253 3653 294 3706 dis
306 3671 414 3721 magnae
428 3651 569 3724 exemplum
582 3655 666 3719 tieret,
683 3653 791 3736 risuque
802 3653 931 3708 hominum
945 3653 1032 3706 stetim
1045 3654 1218 3722 exciperetur,
1236 3655 1364 3711 continuit

252 3739 281 3774 se
297 3721 323 3773 in
338 3739 477 3804 praesens,
494 3729 522 3776 et
538 3721 627 3776 tacitis
649 3722 849 3792 cogitationibus
868 3722 977 3777 animum
998 3721 1162 3791 consumpsit
1200 3722 1365 3780 Gonvmerat

252 3789 319 3844 enim
337 3795 406 3844 inter
420 3797 554 3872 utrumque
570 3791 688 3860 pactione
705 3791 870 3846 iureiurando
883 3791 1052 3852 confirmata,
1069 3807 1101 3844 ne
1119 3807 1230 3861 unquam
1245 3791 1310 3845 alter
1324 3791 1366 3844 sl-

202 3915 204 3925 ,
252 3859 303 3914 tesi
317 3857 448 3922 obstaret,
466 3859 578 3914 melioris
592 3859 766 3930 cuiuscunque
778 3862 899 3916 fonunce
912 3879 989 3914 causa
1004 3859 1147 3913 discedenti
1163 3861 1195 3912 ab
1209 3859 1300 3926 altero,
1316 3863 1364 3917 sed

252 3937 282 3979 ut
296 3925 365 3982 intra
382 3926 518 3985 inviolatos
533 3926 663 3982 amicitiae
680 3927 744 3983 fines
760 3939 907 3984 muneretur
925 3946 1040 3998 semper,
1057 3927 1142 4011 iisque
1155 3927 1278 3993 urbibus,
1296 3947 1363 3998 quae

252 3996 415 4063 Byzantiaae
428 3995 531 4050 ditionis
547 4003 642 4062 esserit,
659 3996 751 4052 liceret
766 3999 800 4053 ad
815 4007 899 4052 utrum
913 3997 1011 4051 refluit
1022 4015 1051 4049 se
1067 3999 1208 4065 adiungere
1223 3999 1362 4066 quomodo·

253 4081 363 4134 cunque,
379 4063 435 4116 sive
449 4065 594 4118 voluntaria
606 4065 747 4132 deditione,
761 4066 818 4120 sive
830 4074 965 4136 postquem
977 4065 1010 4118 ab
1024 4065 1148 4119 alterutro
1166 4066 1285 4120 obsessae
1297 4068 1364 4120 fuis·

252 4139 325 4196 sent,
343 4132 381 4185 ita
397 4142 427 4186 ut
446 4133 497 4187 elis
512 4133 556 4188 alii
570 4134 691 4198 cederet,
708 4143 801 4189 neutro
816 4135 890 4192 citeri
904 4137 1032 4192 obstante.
1067 4133 1168 4189 idcirco
1187 4133 1231 4190 itis
1251 4132 1280 4190 id
1294 4135 1363 4207 quod

252 4203 385 4258 acciderat
402 4202 505 4258 silentio
523 4203 619 4272 pressit
636 4219 686 4256 noa
704 4203 796 4259 libens.

322 4272 347 4328 6.
370 4269 475 4326 interea
496 4289 528 4326 ox
548 4271 689 4328 Thessalia
706 4273 814 4332 advenit
836 4275 864 4326 et
881 4273 1045 4346 imperatoris
1067 4273 1232 4330 consobrinus
1253 4273 1362 4330 Ioannes
