3067 4792
281 275 382 346 1194
668 343 671 346 ,
702 279 1064 351 ANNO'I'ATIONES.

278 465 356 518 ιιτιος
375 438 411 506 δι’
430 431 569 506 πόλεσιν·
590 432 662 501 tu'
676 437 719 515 τίς
733 444 799 514 τοῖς
820 433 925 520 νόμοις
946 437 999 502 καί
1019 445 1085 514 τοῖς
1100 435 1212 504 κανίσι
1230 435 1433 522 περὶτούτων

279 521 481 608 ἕξεφονήθη·
501 524 553 588 καί
564 521 638 597 roric
655 527 698 600 είς
713 522 804 604 πάθη
820 524 977 604 κειμένους
992 525 1026 588 ἐκ
1040 521 1167 601 κου’τοον,
1189 529 1217 588 εί
1234 525 1276 606 μή
1293 527 1431 606 βλέψον-

280 633 330 678 σιν
353 614 396 686 είς
411 605 589 694 μετάνοιαν,
610 605 830 674 ἀποκλείεσθαι
851 607 997 688 disceres,
1019 612 1225 694 τρεφομένους
1242 609 1324 700 ίίριρι
1346 608 1432 697 μόνφ

278 698 331 762 καί
346 693 445 760 ὕδατι.
486 715 601 756 sorvis.
1516 705 1517 792 η

364 786 442 864 Peg.
467 785 542 854 182,
566 785 615 846 18.
651 775 756 843 noue
771 777 805 844 δὲ
818 777 870 843 καὶ
887 779 972 861 ἕτερα
991 785 1101 862 περιῆν
1115 771 1220 863 ταύδρὶ
1236 777 1274 844 ed
1287 776 1431 863 χρηστά]
1516 809 1517 896 η

279 869 366 930 Hsnc
388 868 566 937 sectionem,
588 875 620 924 et
639 876 769 943 quotuor
793 877 968 946 sequentes,
991 867 1195 948 suppeditavit
1216 868 1302 927 nobis
1325 867 1432 926 Codex

278 955 400 1032 Regius.
444 953 575 1040 Deersnt
595 951 674 1009 enim
696 952 728 1009 in
750 951 887 1011 editione
908 952 1068 1012 Wolfions:
1097 955 1139 1012 its
1163 962 1262 1012 eutem
1294 953 1429 1026 deerant,

277 1049 314 1098 ut
327 1050 427 1098 tamen
442 1037 576 1096 nerrotio
598 1037 743 1094 continua
761 1047 855 1112 esset,
877 1059 934 1097 uec
951 1039 1103 1097 desectum
1126 1037 1210 1096 hunc
1230 1037 1329 1097 Iristus
1349 1040 1431 1097 uIIus

279 1133 430 1200 urgueret.
473 1122 571 1182 Erunt
592 1123 735 1196 fortasse,
760 1123 811 1200 qui
831 1125 948 1182 fucinus
969 1124 1045 1182 illud
1063 1121 1198 1182 monachi
1214 1123 1341 1182 alicuius
1366 1143 1431 1182 esse

279 1209 456 1288 opinentur,
478 1205 696 1267 monachorum
714 1228 813 1267 mores
831 1209 927 1267 notari
944 1229 1031 1286 segre
1048 1209 1180 1268 serentis.
1224 1209 1288 1286 Ego
1303 1205 1379 1268 hoec
1391 1209 1430 1267 ab

277 1295 346 1374 ipso
370 1295 504 1372 Gregors
527 1295 578 1353 vel
599 1293 697 1352 recise
717 1313 781 1353 esse
801 1293 937 1354 existimo
963 1315 1001 1353 ex
1021 1295 1117 1374 prime
1139 1294 1287 1370 editione,
1317 1295 1366 1352 veI
1388 1293 1431 1352 ad

277 1381 439 1459 repetitum
457 1399 534 1458 opus
551 1379 679 1455 adiectu.
701 1398 814 1437 sorvrs.

363 1463 438 1544 Pag.
455 1470 524 1538 186,
541 1468 590 1528 17.
611 1457 662 1524 Ἐν
675 1458 796 1536 τούτοις
813 1459 868 1543 piu
882 1468 946 1536 τοῖς
963 1457 1094 1546 χρόνοις]
1104 1461 1281 1542 Pachymer.
1291 1463 1342 1522 Iib.
1350 1462 1428 1522 VIII.
1516 1461 1517 1500 3

267 1569 344 1630 cep-
364 1553 412 1612 19.
428 1553 480 1613 20.
502 1549 554 1608 lib.
572 1549 610 1607 X.
625 1569 691 1626 σιμ.
708 1553 735 1612 1.
778 1569 909 1608 occure.
1516 1563 1517 1582 ¹

362 1636 440 1714 Pog-
464 1638 541 1708 187,
564 1637 613 1698 19.
661 1629 703 1694 To*
718 1632 788 1714 περὶ
812 1633 1054 1710 Θεσσαλονίκην]
1077 1631 1156 1706 Quis
1178 1634 1257 1692 Iorte
1279 1632 1356 1693 hsec
1373 1633 1429 1692 im·
1516 1683 1517 1710 3

276 1718 355 1802 perii
375 1719 554 1778 Graecanici
570 1739 640 1796 psrs
665 1719 720 1776 sub
736 1720 848 1777 Latinis
870 1719 1102 1798 imperatoribus
1121 1720 1204 1794 regui
1228 1721 1350 1778 titulum
1369 1718 1430 1778 he·
1516 1743 1517 1778 4

276 1807 400 1879 buerst,
422 1824 491 1863 cum
509 1805 540 1862 in
557 1803 703 1862 Bonifacii
720 1803 757 1865 II.
774 1805 1031 1862 Moutierrstensis
1049 1803 1230 1862 Merchionis
1248 1815 1361 1864 sortem
1375 1807 1431 1863 iIIe

277 1891 382 1962 cessit,
405 1890 491 1948 cuius
509 1889 630 1968 quidem
644 1909 744 1966 regem
766 1911 797 1950 se
822 1888 923 1968 quoad
938 1889 1016 1948 vixit
1031 1889 1194 1967 inscripsit
1229 1909 1360 1948 ocosse.
1516 1901 1517 1954 ξ

360 1971 436 2055 Peg.
461 1979 536 2049 189,
559 1979 589 2038 7.
622 1968 935 2048 Τοιαύταιςέδεδῶκει
952 1976 1152 2054 φιλοτιμίαις]
1178 1971 1426 2054 Supples'outo'v.
1516 1983 1517 2046 1

276 2059 353 2121 Vide
371 2068 512 2118 annotate
528 2059 566 2117 ad
582 2079 649 2138 pag.
662 2061 692 2123 5.
709 2059 742 2117 B.
785 2079 899 2118 corvus.
1516 2055 1517 2144 1

361 2146 439 2224 Peg.
464 2148 539 2219 190,
564 2149 612 2208 10.
659 2148 708 2228 Τῷ
724 2148 785 2228 νεῷ
803 2150 860 2208 τοῦ
872 2144 1040 2225 Στουδίου]
1073 2146 1115 2204 οο
1136 2163 1195 2222 qus
1218 2145 1292 2206 aede
1312 2145 1426 2224 egimus
1516 2151 1517 2158 ’

275 2231 309 2290 in
324 2229 550 2308 Constantinop.
567 2227 677 2290 Christ.
692 2229 742 2291 Iib.
761 2229 812 2288 IV.
827 2240 901 2292 sect.
918 2231 967 2288 IV.
983 2251 1012 2292 n.
1032 2225 1093 2295 15.Ι
1123 2249 1257 2290 nucero.

360 2316 439 2395 Peg.
465 2317 541 2389 190,
564 2314 613 2380 15.
655 2309 738 2376 ’Fasti
759 2311 794 2376 δὲ
815 2315 905 2394 τέως]
932 2315 1108 2395 Pechymer.
1124 2316 1175 2374 Iib.
1196 2315 1271 2373 VIII.
1287 2334 1355 2394 cap.
1375 2318 1425 2379 18.

275 2419 404 2460 cucuso.

359 2487 439 2565 Peg.
463 2488 540 2560 191,
563 2488 592 2547 8ι
636 2478 718 2546 Μετ’
736 2478 774 2547 ori
791 2481 889 2565 πολδ]
911 2483 1086 2562 Pachymer.
1107 2481 1162 2542 lib.
1184 2482 1267 2542 VIII.
1289 2504 1355 2562 esp.
1375 2489 1423 2548 13.

276 2569 326 2635 14.
343 2570 393 2636 15.
409 2574 459 2634 16.
479 2575 531 2635 21.
547 2575 598 2634 22.
612 2574 664 2634 23.
678 2568 729 2634 24.
751 2589 882 2633 nucero.
927 2570 1117 2652 Παραίτησιν
1133 2567 1284 2648 ἔγγραφον
1298 2571 1426 2632 δίδωσιν

276 2655 296 2720 ὅ
316 2649 501 2734 πατριάρχης
520 2648 721 2733 heredesve]
744 2655 921 2736 Pschymer.
943 2656 995 2714 lib.
1017 2653 1054 2711 II.
1080 2673 1144 2731 cap.
1162 2655 1272 2714 XXIV.
1317 2655 1425 2714 Obiter
1516 2657 1517 2682 ³

274 2742 458 2816 notandum,
481 2749 515 2798 ut
537 2740 686 2817 Gregoras
707 2742 739 2799 in
762 2741 958 2799 Athanasium
979 2739 1069 2800 valde
1094 2757 1262 2816 propensus
1280 2739 1356 2817 suit,
1381 2741 1424 2799 ite
1516 2767 1517 2772 ¹

274 2825 489 2906 Pechymerem
508 2825 544 2882 eb
560 2827 666 2886 eodem
682 2827 892 2886 alienissimum
908 2827 1007 2884 fuisse.
1050 2843 1164 2883 corvus.

358 2915 437 2992 Peg.
461 2915 537 2985 191,
561 2910 609 2975 14.
652 2913 712 2985 Εἰς
725 2909 759 2973 τὸ
774 2911 843 2992 περὶ
858 2909 891 2974 sd
908 2906 1103 2989 Ξηρόίοφον]
1125 2909 1170 2967 Its
1186 2908 1308 2970 Iib.VII.
1319 2929 1384 2988 cap.
1394 2913 1424 2973 3.

273 3001 325 3062 20.
349 2998 387 3056 de
412 2993 590 3075 Xeroiopho
613 2997 726 3074 egimus
750 2999 853 3056 multis
878 2998 909 3055 in
934 2995 1161 3072 Constantinop.
1190 2993 1299 3054 Christ.
1323 2995 1376 3054 lib.
1398 2996 1423 3054 Ι.
1516 3009 1517 3014 ’

275 3102 341 3160 cep.
357 3080 408 3144 24.
424 3101 454 3140 n.
467 3086 497 3145 9.
542 3081 633 3154 Quod
656 3102 730 3142 vero
748 3082 825 3141 illud
848 3081 940 3141 {uerit
957 3079 1169 3140 monasterium
1192 3082 1271 3139 circe
1293 3079 1424 3139 Xerolo-

272 3165 367 3247 pIrum
386 3166 484 3225 ssteor
502 3185 549 3223 me
563 3168 688 3226 nescire.
730 3169 890 3248 Perperem
904 3153 1054 3246 interpres
1068 3167 1099 3223 in
1113 3168 1323 3225 monasterium
1338 3187 1423 3224 εαιιιιι

273 3248 478 3331 ΧιτοίορΙιαια
498 3251 606 3326 vertit,
628 3273 697 3312 cum
719 3254 802 3313 circo
823 3249 1028 3332 Xeroloplmm
1051 3259 1169 3311 vertere
1186 3251 1357 3326 debuisset,
1378 3251 1424 3309 uti

271 3335 471 3415 reposuimus.
514 3335 712 3416 Pechymeres
728 3336 820 3397 habet
836 3337 869 3399 ἒν
881 3341 919 3422 τῇ
935 3337 998 3421 ἰδίη
1013 3340 1102 3420 μονῇ,
1125 3335 1205 3414 quod
1221 3334 1342 3415 quidem
1356 3355 1423 3395 mo·

272 3422 439 3480 hasterium
461 3421 496 3480 ab
518 3421 573 3480 ilIo
592 3432 801 3482 constructum
818 3425 933 3498 suerat,
956 3433 992 3482 ut
1013 3421 1165 3481 Phrenzes
1185 3421 1238 3480 lib.
1258 3421 1282 3480 I.
1308 3441 1374 3500 esp.
1390 3425 1421 3485 9.
1516 3493 1517 3500 ¹

271 3506 375 3566 tradit.
418 3504 447 3566 Is
461 3505 538 3566 enIm
552 3507 584 3566 iu
602 3518 702 3567 monte
717 3508 803 3567 Gsno
821 3518 907 3568 entes
925 3515 1126 3566 commoratus
1145 3508 1258 3583 suerat,
1279 3515 1315 3566 ut
1327 3505 1422 3566 iidem

272 3589 471 3670 Pechymeres
489 3612 556 3672 csp.
578 3593 626 3658 15.
644 3604 673 3652 et
686 3592 837 3653 Phrsnzes
854 3593 907 3654 Iib.
923 3593 947 3652 I.
963 3613 1028 3674 cop.
1043 3599 1072 3658 7.
1088 3593 1220 3652 trsdunt.
1246 3611 1379 3652 cucuso.

355 3679 435 3756 Pag·
460 3680 538 3753 191,
562 3684 611 3743 17.
651 3675 773 3760 Χάρτην
795 3675 851 3761 peip
868 3675 1015 3757 είληφιδς,
1037 3673 1209 3760 γράμμασιν
1230 3677 1322 3754 ἰδίοις
1339 3677 1421 3740 ἰκτί-

272 3766 368 3838 θησιν
384 3761 551 3842 ἐπιτίμιον]
583 3765 691 3823 Exstat
710 3765 742 3823 in
765 3765 878 3824 Codice
900 3763 1011 3841 Regio,
1034 3765 1107 3823 olim
1127 3763 1311 3839 Tellerieno,
1340 3763 1420 3822 inter

272 3846 419 3926 opuscula
443 3846 615 3925 Athanasii,
648 3853 827 3931 παραίτησις
853 3853 908 3929 τῆς
935 3847 1056 3930 πρώτης
1082 3851 1293 3930 πατριαρηιίος
1315 3841 1418 3924 odessi,

271 3948 361 4010 quam
375 3953 413 3990 ex
426 3931 479 3990 illa
495 3931 600 3993 charta
619 3935 802 4014 descriptam
819 3935 910 3994 fuisse
925 3935 1024 4012 erguit
1038 3936 1103 4014 ipsu
1123 3934 1287 3994 verborum
1304 3934 1420 3992 sormu-

268 4015 310 4092 ls,
325 4037 404 4096 quse
417 4019 560 4077 tamenin
575 4021 677 4080 multis
690 4020 810 4080 diuersa
826 4032 873 4080 est
887 4021 924 4080 ab
939 4041 972 4079 eo
980 4067 990 4096 ‚
1003 4039 1080 4099 quse
1096 4029 1196 4080 exstet
1210 4017 1420 4098 spudPschy-

270 4121 391 4162 merem.
435 4103 472 4161 Iu
488 4104 599 4165 Codice
611 4107 706 4184 Regio
726 4107 771 4166 sic
788 4107 912 4184 legitur:
941 4109 1002 4184 Ὶίῆς
1023 4109 1159 4186 Χριστοῦ
1179 4103 1349 4184 ἐκκλησίας,
1373 4097 1419 4176 οἷς

269 4181 359 4262 αὐτὸς
380 4183 445 4251 οἶδε
466 4191 607 4270 κρίμασι,
636 4189 693 4272 την
714 4193 864 4272 φροντίδα
885 4185 1059 4269 διξοῖμευοι,
1092 4182 1148 4252 osis
1169 4189 1419 4269 ἐξηφαλίσθημεν
1516 4247 1517 4250 ,

269 4275 326 4333 τοῦ
351 4267 429 4355 μήτε
455 4269 527 4350 roric
555 4276 747 4358 σχιζομένους
774 4281 830 4357 τῆς
858 4275 1017 4358 ἐκκλησίας
1039 4277 1172 4358 Χριστοῦ
1193 4273 1246 4338 καί
1271 4269 1419 4358 δβριστδς
