3067 4792
502 255 862 327 ANNOTATIONES.
1159 248 1259 321 1317

202 416 274 495 Peg·
299 418 398 491 1118,
420 418 451 480 7.
498 416 565 475 Teia
586 408 662 475 nerei
692 414 839 495 διαίρεσιν
857 405 1068 494 χαρισμάτων]
1099 410 1129 473 Ε
1150 416 1259 494 gratiia

107 498 266 576 gratuitis,
293 521 368 580 quoa
382 498 463 559 Deua
478 494 671 557 diversimode
685 495 844 559 distribuit.
876 499 926 556 Sic
940 508 1051 557 vocant
1070 496 1205 577 theologi
1221 521 1257 561 ea

110 590 237 641 externe
259 583 312 643 Dei
335 584 430 660 done,
458 604 536 663 quae
557 583 659 661 potior
684 584 722 641 ed
744 593 931 643 caeterorum
954 584 1114 644 utilitatem
1135 584 1256 660 dantur,

108 686 201 743 quam
225 666 263 725 ad
281 670 514 729 emolumentum
534 667 617 727 illiue
634 668 665 727 in
681 688 770 746 quem
785 668 1000 745 conseruntur3
1022 677 1057 727 ut
1071 668 1152 728 dona
1164 670 1257 730 mira·

109 752 266 827 culorum,
288 754 458 831 linguarum
479 764 536 816 etc.
581 772 763 812 emanonn.

196 835 269 916 Pug·
294 844 393 913 1114,
414 845 444 903 7.
473 832 521 901 Ἦ
532 833 571 900 ud
584 832 711 900 ιιάιιεῖνα
723 838 760 899 δν
776 835 830 899 καὶ
841 830 954 901 ταάτδυ
967 834 1046 917 ἐρεῖς
1059 840 1098 921 τῇ
1107 842 1166 900 τοῦ
1175 844 1256 903 θεοῦ

108 913 221 1000 oeiuia]
247 921 373 983 Videtur
387 924 437 982 hic
451 924 584 983 Pelamua
601 923 759 1003 impegisse
774 922 805 981 in
824 942 891 981 eum
906 942 1055 997 errorem,
1078 924 1131 1002 qui
1154 925 1253 984 abbati

105 986 262 1065 loecltimo
275 1006 405 1068 tributua
421 1018 474 1083 eet,
497 1019 527 1068 et
543 1010 573 1067 in
588 1008 723 1067 Concilio
739 1009 875 1066 Lateran.
889 1008 939 1065 tv.
959 1007 1015 1065 rub
1031 1008 1185 1069 innocent.
1198 1011 1251 1071 ltt.

106 1111 187 1149 anno
206 1092 322 1150 Domini
341 1095 432 1159 1215.
451 1093 622 1153 damnatus:
646 1094 728 1171 quod
743 1113 851 1171 nempe
868 1100 929 1151 trea
947 1112 1095 1171 peraouae
1121 1094 1251 1171 divinae,

104 1196 168 1234 non
184 1185 301 1235 tantum
320 1177 399 1237 inter
415 1198 463 1254 ee,
485 1179 537 1239 aed
557 1188 585 1237 et
609 1178 647 1237 ab
669 1180 796 1238 carentia
815 1176 919 1236 divina
941 1178 1062 1237 realiter
1087 1177 1252 1258 dintingue·

104 1270 219 1321 rentur.
240 1262 308 1320 Hoc
322 1273 421 1323 eutem
433 1262 598 1322 catholicae
612 1262 681 1321 fidei
694 1264 823 1323 maxime
837 1262 1026 1323 adveraatur.
1053 1263 1130 1322 Nem
1145 1265 1177 1323 in
1191 1264 1252 1323 hoe

102 1346 270 1425 praecipue
299 1357 357 1407 etat
377 1349 579 1407 sanctissimae
601 1346 756 1407 Trinitatis
777 1348 970 1425 mysterium,
1004 1349 1089 1427 quod
1116 1368 1177 1408 una
1209 1350 1252 1408 ait

103 1432 227 1490 omniuo
241 1441 363 1508 natura,
386 1444 415 1491 et
432 1444 490 1493 trea
505 1452 652 1513 personae
671 1433 793 1493 realiter
810 1431 981 1491 dictinctee:
1004 1452 1081 1511 quae
1097 1442 1196 1495 tamen
1210 1434 1249 1494 ab

102 1516 194 1574 unica
214 1516 265 1575 illa
280 1528 385 1577 nature
402 1518 523 1578 realiter
536 1538 597 1576 non
613 1517 843 1597 dintinguantur.
886 1536 1069 1579 curreretur.

187 1604 266 1683 Peg.
290 1600 387 1677 1114,
411 1608 461 1669 10.
496 1599 552 1675 “Ae
567 1601 586 1665 δ
598 1598 777 1684 προφήτης]
802 1602 866 1660 lari.
880 1603 935 1662 Xl.
959 1622 1143 1664 carrenonn.

189 1689 265 1769 I’ag.
291 1693 388 1762 1114,
409 1693 458 1755 18.
501 1685 534 1749 ‘O
550 1688 663 1771 κρίνων
677 1691 781 1750 πᾶσαν
797 1710 863 1749 ιι.τ.
882 1687 929 1767 λ.]
953 1688 1060 1749 Genea.
1083 1693 1133 1753 18.
1175 1708 1248 1747 car-

100 1788 228 1831 renonn.
634 1794 650 1827 .’

188 1854 260 1935 Peg·
285 1858 367 1923 1115
373 1900 384 1931 ‚
407 1862 438 1923 2·
486 1851 526 1919 To*
540 1849 601 1920 άπδ
613 1858 782 1939 καταβολῆς
795 1850 913 1937 ιιάσμου
928 1852 1170 1937 ἡτοιμασμένον]
1193 1855 1247 1913 11-

99 1938 180 1997 ludit
203 1942 338 2000 Palamar
360 1942 397 1999 ed
423 1938 526 2000 Matth.
550 1962 617 2021 cap.
640 1942 736 2004 XXV.
766 1938 872 2001 Venite
894 1938 1039 2000 benedieti
1059 1942 1156 2019 patria
1179 1941 1245 2013 mei,

98 2022 248 2104 possidete
266 2040 405 2109 paratum
424 2024 508 2085 vobin
529 2048 647 2107 regnum
666 2048 686 2084 a
706 2028 911 2087 constitutione
924 2018 1036 2084 mundi.
1061 2044 1245 2087 cananeum

189 2114 258 2191 Pug.
282 2111 380 2184 1115,
400 2116 429 2175 7.
474 2112 553 2191 Περὶ
570 2115 626 2190 τῆς
645 2114 735 2184 θείας
751 2107 965 2191 μεταλήψεας]
992 2109 1038 2168 lta
1059 2110 1167 2169 Graeci
1191 2130 1245 2169 vo·

99 2203 172 2253 cant
188 2215 289 2254 auorae
304 2194 513 2255 Eucharistiae
533 2196 749 2274 sumptionem:
773 2195 843 2274 quia
863 2205 899 2254 ut
916 2195 995 2253 belle
1007 2192 1099 2254 hebet
1111 2198 1142 2256 S.
1158 2195 1242 2257 loru.

97 2281 235 2338 Demeae.
258 2281 310 2339 lib.
326 2279 377 2342 IV.
401 2278 523 2339 orthod.
545 2280 598 2339 lid.
624 2276 668 2343 δι’
686 2275 781 2361 αὐτῆς
798 2284 854 2360 τῆς
874 2274 974 2357 Ἰησοῦ
994 2274 1138 2359 θεότητος
1157 2302 1243 2360 μετα·

96 2360 310 2446 λαμβάνομεν,
329 2386 382 2445 per
395 2386 460 2423 eum
477 2361 586 2425 Otroia·
608 2360 775 2425 diuinitatis
786 2365 948 2446 participer
962 2364 1121 2446 fficimur.
1151 2366 1242 2425 lliffe.

95 2461 169 2510 runt
184 2460 281 2509 autem
299 2450 379 2528 apud
396 2450 526 2509 Graecae
538 2448 688 2509 interdum
704 2444 871 2528 μετάληψις
885 2460 916 2507 et
930 2444 1099 2528 μετάδοσις.
1120 2449 1242 2529 Quippe

95 2529 269 2616 μετάληψιν
282 2544 396 2595 vocent
411 2534 572 2612 aenguinie‚
583 2531 743 2612 μετάδοσιν
753 2554 828 2593 vero
845 2536 982 2613 corporia
997 2532 1143 2592 dominici
1160 2554 1241 2594 com·

95 2620 280 2680 munionem.
325 2620 410 2679 Unde
423 2621 454 2679 in
468 2620 644 2697 imaginibua
661 2640 738 2699 quaa
753 2618 874 2698 depingi
893 2618 991 2677 aoleut
1001 2618 1032 2676 in
1046 2618 1125 2677 eecri
1139 2620 1241 2680 alteria

95 2703 237 2779 conchis,
262 2703 399 2764 Cltrietua
413 2702 564 2781 effingitur
579 2724 680 2765 aecrae
695 2723 814 2764 menuae
829 2702 962 2762 aaaidena
975 2700 1111 2762 manibue
1123 2704 1156 2761 in
1172 2726 1240 2764 cru.

94 2810 161 2849 cem
183 2789 361 2849 decueratia:
384 2789 489 2848 dextra
509 2788 647 2869 quidem,
672 2790 721 2848 cui
737 2808 799 2847 τοι
822 2781 991 2869 μετάληψις
1014 2788 1160 2869 inecriptu
1181 2800 1238 2866 eat,

94 2874 237 2947 calicem
260 2876 398 2948 sinistra,
421 2874 472 2932 ubi
494 2892 556 2931 vox
577 2876 634 2934 alia
655 2868 814 2955 μετάδοσις
827 2872 951 2951 legitur,
971 2892 1079 2953 panem
1101 2886 1238 2936 nanctum

91 2960 261 3038 porrigens.
304 2959 381 3018 Hinc
396 2958 426 3016 in
447 2958 586 3036 liturgia,
609 2958 814 3039 Chryaootouri
830 2958 950 3018 uomina
963 2958 1123 3038 incompta,
1145 2958 1237 3040 μετά-

92 3046 147 3117 δος
162 3068 214 3126 μοι
234 3042 363 3107 δέσποτα
381 3042 416 3105 τὸ
434 3043 535 3123 τίμιον
551 3042 604 3107 τια1
625 3042 658 3107 ad
676 3038 765 3127 ἅγιον
780 3048 866 3123 σῶμα
886 3046 943 3106 τοῦ
956 3043 1089 3125 Κυρίου,
1110 3044 1237 3108 Domine

91 3131 240 3211 impertire
252 3124 325 3189 milri
340 3126 514 3189 honorabile
527 3144 711 3190 areanorum
724 3126 839 3189 domini
852 3149 967 3209 corpur.
993 3130 1032 3188 Et
1048 3138 1163 3209 portur,
1183 3133 1237 3197 nal

91 3210 167 3294 μετά
183 3209 351 3295 μετάληψιν
368 3216 517 3295 σπογγίζει
537 3218 582 3299 τῷ
601 3208 770 3291 καλύμματι
787 3206 922 3293 τδάγιον
937 3208 1097 3294 ποτήριον,
1120 3230 1147 3273 et
1165 3232 1236 3298 poet

88 3300 349 3380 participationem
374 3297 472 3377 [τουτί
485 3298 653 3379 sanguinis]
670 3296 811 3379 udetergit
835 3294 979 3357 uelamine
997 3312 1133 3357 sanctam
1157 3299 1236 3362 culi-

90 3404 164 3442 cem.
189 3377 357 3463 μετάληψις
371 3382 499 3441 sumitur
514 3385 601 3443 etiem
619 3384 656 3444 de
675 3383 870 3463 perceptione
884 3388 943 3446 roei
952 3376 1151 3464 Ἀντιδάρου,
1179 3404 1234 3446 eeu

88 3469 179 3572 panis
193 3464 346 3575 δροηδίτιί.
385 3465 559 3547 Pechymer.
576 3468 630 3532 lib.
652 3468 687 3529 V.
711 3488 779 3547 cap.
800 3472 830 3532 8.
853 3464 888 3529 ir
905 3462 1071 3547 μεταλήψει
1089 3464 1123 3529 δὲ
1141 3472 1233 3534 θείου

89 3552 432 3718 ttlrttdtllttl
449 3552 517 3713 11?
518 3549 1233 3717 ”littttl‘lttallttttlttt

87 3723 282 3802 perceptione
304 3741 398 3802 aquae
419 3722 607 3798 benedictae,
628 3720 794 3801 Eucholog.
812 3720 955 3782 Allatiau.
981 3716 1105 3784 πάντων
1124 3722 1157 3786 δ1
1182 3743 1232 3805 με·

86 3804 362 3887 ταλαμβανομάναν
379 3805 648 3891 οια1άμιαζομὲνων
664 3808 698 3870 in
716 3811 773 3871 roei
787 3800 990 3889 άγιασμάτοου.
1036 3804 1109 3865 Cum
1131 3830 1231 3870 omnen

84 3893 299 3971 participarent
317 3913 427 3973 equum
448 3890 628 3954 benedictam
650 3914 739 3975 eaque
756 3890 1019 3973 sanctificarentur.
1048 3911 1230 3955 narramur.

172 3974 371 4051 Pa.1115‚
401 3981 454 4041 20.
498 3982 582 4040 Πᾶοι
609 3983 673 4051 τοῖς
692 3974 797 4049 ἄλλοις
822 3974 938 4058 λόγοις,
973 3972 1051 4060 δτιδρ
1083 3974 1229 4058 ἐξήκοντα

86 4050 177 4139 οὖσι]
203 4000 330 4121 clonae
351 4059 549 4138 orationibus,
571 4084 646 4145 quaa
657 4059 727 4142 plue
743 4063 904 4141 sexaginta
923 4063 1050 4143 scripsit.
1094 4064 1228 4123 Palamae

86 4147 235 4205 orationes
262 4145 384 4225 auripait
404 4146 500 4205 multo
521 4148 624 4228 plures
647 4166 737 4227 quam
758 4148 920 4225 aexaginta.
962 4147 1090 4208 Exetant
1108 4148 1141 4206 in
1164 4166 1228 4207 uno

84 4228 198 4292 Codice
211 4230 304 4311 Regio
318 4230 357 4312 (ir
375 4240 421 4292 eat
437 4231 540 4299 Codex
552 4230 659 4318 2404.)
687 4230 834 4293 Humiliae
847 4230 992 4312 variaque
1005 4232 1070 4295 eiua
1081 4232 1227 4315 opercula
