3067 4792
246 326 250 337 ι
304 218 402 291 1818
699 223 1061 295 ANNOTA'I'IONES.

301 383 372 465 plus
393 378 590 462 septuaginta.
634 382 762 443 Exstant
787 390 818 441 et
838 381 868 442 in
898 382 965 443 aliia
987 382 1150 445 (lodicibus
1170 400 1233 443 aon
1253 400 1363 462 panos
1392 380 1468 440 slis.

303 472 452 546 Gregorius
466 468 608 527 hocloco
629 466 666 527 de
683 466 819 527 Palamse
832 468 1020 528 orationibus
1037 469 1075 528 iis
1089 477 1206 527 tantum
1217 469 1306 545 loqui
1320 466 1469 539 videtur,

303 572 380 633 quoe
395 552 433 611 de
448 552 538 613 rebus
552 553 754 613 controversis
772 553 902 632 scriptae
917 562 1010 614 crant.
1054 556 1165 615 lissum
1183 553 1299 613 multas
1320 557 1471 611 continet

304 638 408 699 Codex
428 638 536 715 Regius
553 638 648 705 2409.
691 638 724 697 Ia
740 638 777 697 iis
794 648 880 699 sunt:
902 638 925 701 l.
951 636 1039 698 Libri
1055 654 1162 700 contra
1179 636 1391 714 Acindynsrm
1415 634 1473 695 de-

304 746 365 785 cem
384 724 534 800 continui3
556 724 608 803 qul
625 744 745 798 omnes,
768 725 904 803 exceptis
917 724 1034 799 trihus,
1057 724 1266 805 ἆνιιρρητινοί
1276 723 1470 781 inscribun-

303 818 364 869 tur.
407 807 444 865 ll.
469 808 552 867 Libri
571 810 632 869 duo
657 808 862 889 Apologetici:
890 809 1004 888 primus
1019 809 1088 891 aral
1106 812 1204 871 θείων
1221 808 1394 889 ἐνεργειῶν
1414 804 1470 867 sai

304 898 360 973 τῆς
377 886 448 954 κατ’
466 890 562 969 αὐτας
581 892 739 974 μεθέξεως.
782 896 939 953 Secundus
961 893 1031 973 rosal
1050 895 1141 967 θείας
1155 893 1208 957 zat
1220 897 1404 955 θειοποιοιῑ
1416 914 1468 970 με·

304 978 433 1053 otgerio,
464 972 576 1061 ἢπερὶ
600 983 655 1058 τῆς
675 982 762 1052 θείας
782 978 835 1039 καὶ
854 978 1033 1082 ὑπερφυοῦς
1055 974 1232 1059 ἁπλότητος.
1276 978 1335 1039 lll.
1372 978 1468 1037 Libet

307 1061 482 1139 singularis,
502 1059 550 1127 ὅτι
565 1060 773 1144 &pincinnati
785 1058 963 1138 Ἀκίνδννος
976 1065 1052 1127 εἰσιν
1066 1064 1100 1128 oi
1109 1066 1346 1144 ὄιχοτομοιῖντες
1357 1069 1468 1137 κακῶς

307 1144 402 1221 ὅντως
412 1147 462 1209 nol
472 1143 572 1222 ἆθέοος
585 1150 627 1221 εἰς
642 1144 698 1212 irio
712 1139 836 1222 tiriacus
848 1144 1062 1231 trituraturis
1076 1150 1156 1228 μίαν.
1179 1150 1229 1207 lV.
1245 1149 1370 1227 Dialogi
1391 1150 1465 1207 duo.

306 1234 424 1293 Primus
446 1230 619 1294 Orthorloni
636 1256 702 1295 cam
724 1230 926 1298 Barlaamita.
969 1236 1127 1295 Secundus
1148 1232 1336 1325 lheoplmnis
1349 1231 1467 1293 Ortho-

308 1315 386 1377 tlaori
407 1340 472 1378 cam
500 1318 653 1379 Theotimo
677 1340 728 1378 e»
747 1316 949 1382 Barlaamita.
992 1318 1030 1382 V.
1057 1318 1216 1401 Refirtotio
1250 1339 1358 1376 eorum
1390 1342 1467 1399 qaae

307 1400 486 1481 Acindynus
504 1418 609 1463 contro
634 1400 791 1465 Polomom
813 1406 981 1484 scripserat.
1024 1405 1061 1465 ln
1085 1404 1146 1463 hoc
1166 1403 1319 1483 opusculo
1345 1424 1467 1482 propo-

309 1498 423 1547 nuntur
448 1490 579 1567 primum
597 1489 733 1547 Palamae
746 1488 854 1564 rcrbs3
876 1490 1035 1549 deindosa
1056 1509 1134 1568 quse
1156 1489 1337 1567 Acindynus
1359 1500 1466 1546 contra

311 1574 435 1649 obiecit3
458 1583 522 1632 tum
544 1574 673 1651 denique
688 1594 722 1631 cs
745 1593 822 1651 quaa
841 1574 976 1633 Palsmsr
997 1584 1104 1633 contra
1116 1575 1261 1653 reposuit.
1308 1574 1363 1632 Vl.
1391 1572 1465 1651 Epi·

309 1656 404 1717 sto'lae
417 1678 470 1719 seu
489 1659 588 1739 potius
613 1657 768 1719 Orationes
787 1649 990 1739 dogmaticae,
1020 1656 1237 1741 Apologeticoe
1249 1672 1277 1717 et
1296 1657 1463 1718 Antirrhe·

310 1744 501 1801 ticoeoariae
516 1741 557 1801 orl
578 1745 685 1802 uarios.
730 1744 870 1802 Continet
889 1753 1046 1822 praeterea
1070 1744 1151 1803 idem
1174 1743 1281 1801 Codex
1305 1740 1465 1801 Deiectum

311 1829 541 1887 testimoniorum
558 1850 599 1887 ex
621 1825 652 1889 S.
675 1824 833 1907 Scriptura
853 1842 936 1887 etex
954 1830 1075 1889 Patrum
1096 1826 1181 1887 libris
1199 1842 1417 1906 excerptorum
1439 1840 1464 1883 et

311 1914 343 1970 irs
357 1909 714 2003 Capitasstupotheses
728 1910 879 1972 sexdecim
903 1910 1146 1972 distributorum
1165 1915 1237 1971 item
1255 1914 1464 1971 narrationem

312 1992 521 2077 disputationis
542 2016 643 2055 coram
666 1998 841 2077 imperatore
853 1998 928 2057 inter
945 1993 1102 2057 Polomam
1115 2011 1142 2055 rt
1160 1993 1327 2075 Gregoram
1343 1995 1464 2054 habitas

296 2082 344 2139 ·in
370 2078 504 2141 Palatio:
531 2098 586 2139 neo
612 2100 671 2139 non
692 2078 850 2141 iambicum
876 2102 982 2161 poema
1003 2096 1108 2140 contra
1135 2080 1353 2160 Acindynum:
1387 2100 1462 2159 quse

313 2164 468 2224 omniarel
486 2164 619 2223 Pslamaa
633 2165 708 2246 ipse,
725 2165 1184 2245 relinsignisaliquiaPslsmita,
1199 2165 1409 2224 elucubravit.
1430 2166 1462 2223 lu

313 2250 425 2309 Codice
432 2248 524 2314 2404.
533 2248 608 2309 duae
616 2258 686 2307 aunt
694 2248 836 2309 homiliae
844 2250 922 2310 dere
930 2260 1135 2324 contortam,
1143 2270 1252 2329 nempe
1260 2246 1298 2307 de
1309 2248 1463 2309 ‘Phaloria

314 2333 432 2409 lumine,
452 2335 534 2413 quod
552 2343 582 2393 et
596 2336 761 2393 increatum
778 2344 807 2393 ot
823 2357 838 2393 s
856 2336 1021 2394 substantie
1039 2334 1139 2395 divina
1155 2335 1310 2394 diversum
1330 2336 1461 2394 Palamss

314 2421 429 2481 statuit·
452 2419 486 2478 ln
494 2420 604 2479 Codice
614 2422 707 2485 2482.
717 2419 863 2498 Gregorio
870 2420 1016 2496 talama,
1028 2430 1171 2499 unquam
1180 2421 1309 2493 auctori,
1325 2420 1462 2479 tribuun-

314 2516 367 2566 tur
378 2502 485 2587 Capita
502 2500 563 2565 GL
575 2503 710 2587 physica,
732 2504 910 2586 theologico,
931 2502 1060 2565 moralia
1075 2520 1101 2565 et
1115 2508 1253 2584 practica
1266 2521 1378 2564 contro
1395 2504 1462 2563 Bor·

315 2588 485 2650 loomiticos
507 2610 634 2648 errores:
664 2590 734 2649 item
757 2592 1000 2669 interrogationes
1015 2604 1043 2648 et
1062 2591 1280 2669 responsiones,
1310 2588 1349 2647 sie
1361 2593 1402 2649 iis
1414 2590 1462 2671 psi

314 2678 466 2757 propriam
480 2688 602 2733 mentem
620 2676 700 2733 intra
719 2696 826 2755 corpas
844 2688 991 2735 conantur
1006 2677 1184 2755 perspicere,
1212 2696 1253 2732 an
1268 2690 1349 2733 recte
1363 2688 1461 2755 agant.

320 2758 353 2819 V
351 2758 400 2818 isle
410 2756 577 2819 Historiam
593 2760 787 2817 Litterar's'am
803 2756 884 2821 Gaii.
896 2760 982 2818 Cave.
1007 2761 1104 2819 Partis
1119 2756 1162 2821 ll.
1174 2780 1244 2839 pag.
1258 2761 1336 2824 507.
1350 2775 1379 2817 et
1393 2763 1460 2824 508

294 2842 298 2856 “
318 2843 433 2903 Omitto
446 2864 522 2922 quae
542 2844 574 2902 in
589 2844 654 2903 aliis
671 2844 831 2904 (lodicibus
843 2845 940 2921 Regiis
955 2864 1058 2923 sparsa
1075 2854 1105 2903 ct
1118 2844 1240 2903 disiecta
1257 2844 1397 2922 reperire
1410 2854 1460 2903 ast.

317 2926 519 2989 harervantur
532 2929 565 2987 in
581 2927 768 2989 Bibliotheca
788 2930 978 3007 Seguiesiana
996 2938 1057 2989 tres
1076 2930 1148 2988 tomi
1169 2928 1304 3008 Operum
1325 2931 1460 3007 Gregorii

317 3014 465 3075 Palsmae.
510 3015 570 3073 Sed
585 3014 622 3073 sd
640 3035 703 3073 eam
717 3012 935 3074 Bibliothecam
949 3014 1049 3089 aditus
1066 3034 1127 3073 uon
1146 3024 1237 3092 patet
1281 3034 1403 3075 norvia.

294 3132 297 3137 ·
404 3098 483 3179 Pag-
510 3104 606 3175 1116,
627 3106 679 3164 21.
728 3104 813 3181 Τρεῖς
826 3104 881 3179 τῆς
904 3102 993 3172 θείας
1014 3094 1136 3177 φύσεις
1153 3093 1335 3171 ὑποστάσεις
1360 3095 1461 3178 διαφό-

319 3206 393 3267 ρους
409 3178 489 3245 εἶναι
502 3183 674 3263 νομοθετεῖ]
699 3184 772 3244 Tres
787 3182 906 3244 divinae
915 3198 1035 3243 naturae
1047 3182 1216 3265 hypostases
1231 3182 1265 3263 [a
1281 3182 1386 3243 diuino
1399 3184 1460 3244 sul·

319 3268 450 3348 stantia]
474 3264 629 3329 distinctos
649 3292 709 3328 esse
736 3272 849 3329 statuit.
893 3270 940 3329 lta
965 3268 1192 3346 intelligendum
1213 3288 1277 3329 esse
1300 3271 1460 3343 Gregoram

320 3364 423 3435 patet,
445 3364 509 3414 tum
524 3355 594 3433 quia
609 3374 669 3413 non
686 3364 788 3433 posset
804 3355 941 3414 Pslsmse
956 3354 1134 3433 simpliciter
1147 3354 1333 3435 exprobrare
1348 3354 1459 3415 dirius-

320 3460 387 3500 rum
409 3438 610 3519 hypostaseon
632 3440 852 3519 pluralitatem,
874 3449 904 3500 ot
926 3438 1165 3515 distinctionem
1195 3448 1259 3499 tum
1280 3440 1352 3517 quia
1373 3460 1459 3519 supra

322 3526 456 3585 Palenses
471 3527 613 3604 negabat,
635 3520 671 3587 ssi
686 3520 871 3587 onomatis&
889 3529 946 3603 τῆς
965 3517 1106 3585 sirriacho
1123 3521 1251 3602 Τριάδος
1267 3522 1304 3585 ἓν
1320 3522 1374 3586 rial
1394 3520 1460 3587 rasi·

321 3606 375 3673 asir
390 3605 469 3673 eiras
478 3615 518 3695 τῇ
529 3616 585 3673 rosi
598 3614 677 3673 θεοῦ
691 3604 790 3695 ου’σὶμ,
811 3632 961 3691 supremae
981 3610 1134 3669 Illinitatir
1148 3629 1291 3690 personas
1302 3630 1363 3669 esse
1376 3632 1458 3670 unum

322 3710 350 3755 et
362 3692 439 3755 item
456 3718 522 3756 cum
541 3696 599 3755 Dei
609 3694 786 3759 substantia.
806 3715 987 3762 carernouu.

408 3781 485 3861 Pag-
509 3786 606 3857 1121,
628 3786 658 3845 2·
679 3774 737 3843 'tta
756 3776 970 3861 ὅπροφοῇιης]
992 3778 1063 3839 lsai.
1077 3776 1132 3837 Xl.
1156 3796 1338 3839 carmonis.

409 3866 486 3947 Pag·
512 3870 609 3940 1121,
634 3872 681 3930 10.
725 3864 934 3949 Πορεσθένεες
961 3856 1169 3945 μαθητεύσατε
1188 3886 1217 3924 ιι.
1241 3886 1268 3924 τ.
1284 3864 1330 3941 t]
1359 3860 1455 3925 Matth.

239 3985 240 3989 1
324 3951 460 4012 XXVlll.
505 3969 688 4011 currerunt.

409 4034 483 4116 Pog.
508 4042 607 4111 ¹121,
630 4041 680 4101 19.
723 4029 870 4116 Μάξιμος
888 4027 961 4099 asiis
981 4030 1119 4111 illium]
1152 4030 1251 4091 Locus
1276 4039 1324 4090 est
1345 4040 1414 4089 tom.
1434 4030 1455 4091 l.

327 4120 401 4181 edit.
416 4120 569 4183 (lambolia.
587 4122 619 4179 in
636 4120 759 4181 scholiis
775 4122 815 4181 ad
831 4122 883 4188 64.
900 4120 1067 4199 quaestion.
1087 4117 1121 4177 in
1135 4136 1251 4176 ascum
1269 4118 1453 4192 Scriptursm.

327 4206 422 4267 Porro
437 4204 552 4267 rohaha
565 4208 621 4267 ists
637 4215 708 4267 suut
724 4206 884 4287 ipsiusmet
896 4206 994 4267 sancti
1010 4202 1147 4279 Maximi,
1168 4202 1221 4282 qui
1241 4222 1277 4261 es
1293 4200 1454 4282 prolixioris
