3067 4792
382 273 620 380 russorum
642 303 921 376 assensuum
937 301 1025 371 mu.
1038 310 1071 376 a
1172 291 1273 364 ιοοο

167 473 263 561 μόνον
276 476 309 542 ἐκ
321 479 378 560 τῆς
391 467 613 558 πολυγλώσσου
627 477 764 560 κραυγῆς
776 469 891 555 ἐκείνης
903 471 955 534 καί
970 468 1133 556 τρικυμίας
1150 467 1201 532 καί
1214 471 1271 551 τῆς
1287 476 1315 527 Δ.
1328 477 1357 528 c.
1367 474 1435 530 1³51

168 587 232 648 τῶν
266 579 437 665 λεγομένων
468 576 638 658 ἀκοσμίας·
682 573 762 642 ἀλλά
791 575 843 640 καί
866 569 883 640 d
906 577 971 639 τῶν
994 576 1106 658 χειρῶν
1135 547 1436 668 πάταγοςιωξέἔὲἒῦ

169 683 297 750 πλείονα
311 681 369 748 τὸν
381 677 522 768 θόρυβον
545 679 671 746 ἐνεποίει
691 684 736 768 τῷ
757 676 924 765 συνεδρίῳ,
951 673 988 740 ού
1009 676 1186 761 παροδικῶς
1207 679 1301 752 πωςθ

169 787 381 870 συνενεχθεὶς,
408 783 489 850 aurci
508 780 567 859 τὰς
590 777 846 870 ἀπροσδοκήτως
864 774 1011 854 ἐπιούσας
1034 774 1197 844 incinuere
1217 773 1275 843 τύ-

146 897 247 974 5χας,
273 887 355 955 ἀλλά
373 889 425 972 καί
438 881 525 970 μάλα
537 885 574 972 γί
585 911 633 952 τοι
650 885 841 969 ἐξεπίτηδες·
865 884 918 949 ’ίνα
936 882 1035 967 μηδὲν
1054 887 1118 947 τῶν
1131 877 1273 969 παρανό-

167 1017 237 1076 μως
250 993 314 1057 dati
325 989 606 1076 δογματιζομίνων,
633 987 713 1054 κατὰ
736 987 773 1054 τό
790 982 974 1073 πρόσφατόν
995 1009 1029 1051 τε
1046 987 1097 1050 καὶ
1114 983 1212 1071 ἀηθες
1233 990 1273 1074 τῆ

168 1101 226 1162 τοῦ
245 1101 324 1161 θεοῦ
345 1095 509 1184 ἐκκλησίᾳ,
541 1087 616 1177 ἡμῖν
638 1089 830 1176 ῆνουσμίνον
850 1089 986 1175 γίνοιτο,
1013 1089 1095 1172 μηδέ
1110 1087 1208 1177 μικρά
1227 1115 1275 1167 τις

169 1195 342 1283 ἀντιλογίας
369 1197 431 1263 ἐκεῖ
451 1193 530 1284 πρὸς
555 1191 646 1279 ἡμῶν
664 1195 844 1278 τολμηθείη
865 1187 956 1278 ῥοπή.
997 1189 1084 1274 ὅμως
1103 1193 1131 1258 εί
1156 1195 1207 1258 καί
1225 1192 1303 1279 prin

169 1297 296 1368 πόντων
315 1303 348 1366 ἐν
363 1297 511 1388 ἀκηράτρι
531 1295 695 1384 γεγόναμεν
714 1296 812 1383 ἀκοῇ,
841 1294 914 1361 ἀλλ’
937 1286 994 1360 cdv
1013 1295 1184 1382 ἀπέχρησε,
1210 1304 1274 1364 τῶν

127 1413 204 1490 1ογε
224 1399 373 1470 πλειόνων
395 1395 580 1488 ἀκηκοόσιν,
609 1397 652 1476 ὥς
672 1398 750 1483 ἐχειν
765 1395 891 1478 είκάζειν
907 1399 1051 1464 ἐντεῦθεν
1073 1404 1126 1465 καί
1146 1406 1209 1468 τῶν
1227 1401 1273 1486 μὴ

170 1511 284 1594 σαφῶς
305 1505 505 1590 ῆκουσμίνων
523 1502 581 1588 τὴν
603 1499 706 1590 φύσιν.
749 1501 900 1588 οὐδὲγὰρ
924 1500 997 1566 οὔδ’
1021 1503 1142 1570 ἐκείνων
1164 1505 1274 1580 τελίως

171 1605 325 1693 ἀνηκόους
342 1604 427 1694 ἡμᾶς
440 1607 584 1694 γενίσθαι
601 1605 827 1688 ξυμπέστωκεν.
861 1604 902 1670 τὰ
919 1603 982 1691 γάρ
1000 1601 1203 1694 δστερύφωνα
1219 1614 1276 1690 τῆς

171 1717 320 1796 συνεχοῦς
333 1709 471 1778 ἑκάστων
484 1711 604 1776 ἐκείνων
617 1708 730 1794 ῆχοῢς,
756 1715 820 1776 τῶν
839 1707 926 1795 πέριξ
941 1713 998 1793 τῆς
1016 1715 1179 1794 βασιλικῆς
1199 1710 1275 1776 ἐκεί-

170 1840 228 1900 νης
253 1815 352 1894 οίκίας
377 1814 558 1900 ἐκπηδῶντα
589 1818 732 1900 σφαιρῶν
761 1813 815 1877 καί
839 1807 1050 1898 ἡμισφαιρίων
1056 1861 1067 1893 ,
1099 1814 1154 1878 καί
1183 1839 1276 1880 τινων
1318 1886 1321 1892 f

129 1921 268 2001 themar
284 1917 622 1986 {nutrimentum
641 1912 802 2001 μιμήσεις,
829 1911 1064 2000 φιλανθρώπως
1081 1918 1174 1982 είπεῖν
1192 1914 1276 2000 ῆμιῖς

172 2020 325 2100 ἐδεξιοῦτό
337 2046 372 2088 τε
385 2022 436 2088 καί
452 2021 558 2100 ἐξένιζε
563 2068 574 2102 ,
602 2018 638 2085 cd
654 2015 846 2102 λυπούμενον
865 2024 923 2100 τῆς
935 2024 1041 2102 ψυχῆς
1054 2013 1144 2101 ἡμῶν
1160 2017 1303 2090 circuiti

172 2123 391 2192 κολακεύοντα.
453 2121 523 2212 (ί.)
556 2125 613 2198 Εἰς
633 2119 791 2207 τοσαύτην
809 2144 844 2206 γε
865 2120 930 2205 μὴν
951 2120 988 2187 τό
1011 2127 1141 2208 πρᾶγμα
1166 2128 1275 2192 κακίαν

171 2227 273 2312 ῆλασε
291 2223 378 2308 τότε,
401 2229 452 2292 καί
467 2223 625 2309 τοσαύτην
644 2217 735 2312 εὗρον
750 2224 809 2310 τὴν
826 2221 983 2310 εάιιαιρίιιν
1001 2229 1200 2314 βλασφημίαι
1219 2255 1277 2312 με·

172 2331 251 2408 corb
266 2339 322 2416 τῆς
337 2325 456 2396 ἀτόπου
475 2332 526 2395 καὶ
538 2327 688 2411 innecto
701 2334 765 2395 τῶν
780 2323 955 2393 ἐπισκόπων
971 2327 1087 2414 ἐκείνης
1104 2327 1274 2418 φάλαγγος,

130 2432 217 2511 πῶς
232 2438 284 2500 καί
298 2429 398 2524 ψήφῳ
415 2440 502 2520 κοινῆ
519 2431 671 2514 βασιλίως
685 2428 752 2514 ἀμα
766 2433 820 2496 καὶ
834 2426 1047 2517 πατριάρχου,
1069 2429 1125 2510 ξύν
1135 2459 1169 2520 γε
1183 2441 1277 2503 πᾶσιν

173 2537 296 2618 αὐτοῖς,
323 2532 439 2604 δεδιόσι
461 2535 518 2620 τὴν
532 2533 714 2620 ἀρχοντικὴν
727 2534 868 2612 ἐξουσίαν
892 2543 959 2611 τοῖς
976 2536 1146 2618 πλείστοις,
1174 2558 1306 2625 κυρω-[ε

172 2648 271 2726 θῆναι
294 2641 370 2724 μέν,
397 2636 537 2723 θεότητα
556 2638 704 2724 λέγεσθαί
719 2661 788 2714 πως
808 2638 861 2702 καί
876 2634 935 2721 τῆν
954 2635 1080 2704 nector
1113 2641 1226 2727 κυρίως
1245 2643 1280 2708 δέ

173 2743 314 2829 θεότητιι
339 2741 484 2810 ἀκτιστον
499 2743 551 2808 καὶ
563 2737 690 2830 σφόδρα
711 2735 864 2829 διάφορον
882 2745 939 2825 τῆς
953 2743 1045 2818 θείας
1066 2739 1193 2825 οάσίας,
1221 2745 1279 2830 τὴν

173 2943 347 2994 contenente.
382 2939 489 3012 Quippe
506 2956 558 2994 nnn
574 2939 655 2994 solum
671 2937 716 2993 ille
732 2937 869 2993 multorum
886 2938 1008 2993 dissonus
1023 2939 1136 3007 clamor,
1151 2941 1279 3012 procello-

174 3026 281 3080 enmqne
298 3025 420 3075 murmur,
438 3017 466 3062 et
482 3008 629 3063 inconditae
639 3008 801 3090 loqpentium
816 3025 905 3074 voces,
922 3008 969 3061 aed
986 3016 1015 3063 et
1030 3009 1145 3092 crepitus
1161 3028 1280 3068 manuum

175 3079 373 3148 completarum,
389 3079 471 3132 maior
483 3087 514 3132 ut
526 3078 652 3132 tumultus
665 3077 692 3132 in
710 3096 743 3132 ea
759 3077 882 3131 concione
897 3077 1037 3132 exsisteret
1047 3079 1211 3146 ethciebant3
1228 3100 1279 3137 non

174 3148 220 3202 ille
236 3149 322 3202 obiter
337 3153 367 3203 et
383 3155 480 3202 temere
496 3148 636 3213 excitatus,
652 3156 683 3201 ut
699 3147 727 3200 in
744 3148 779 3201 iia
796 3147 910 3214 casibus,
928 3148 1090 3270 ‹ppiufortuiti
1107 3157 1135 3203 ct
1147 3149 1281 3220 improvisi

173 3218 427 3355 militib
441 3217 782 3357 ‘iiilisffhti'it
791 3216 973 3340 ibidum
984 3221 1281 3345 {struthii}

174 3373 245 3411 nova
261 3363 290 3410 et
304 3355 421 3410 inaudita
431 3323 644 3420 invehebantur,
663 3355 742 3408 ullum
759 3355 794 3408 sd
811 3373 888 3408 aures
906 3363 1008 3409 nostrae
1025 3358 1184 3426 perveniret,
1202 3364 1281 3429 atque

174 3431 206 3479 nt
221 3442 255 3479 ne
270 3423 367 3479 ibidem
383 3425 427 3479 vel
440 3425 567 3478 minimum
580 3424 774 3478 contradicendi
783 3425 867 3478 locum
878 3425 1004 3479 audacius
1016 3433 1187 3495 capmrenua
1210 3431 1281 3483 Cae-

174 3503 260 3549 terum
276 3495 327 3548 etsi
344 3512 396 3548 non
413 3495 500 3549 omniu
515 3494 638 3548 distincte
655 3501 684 3548 et
700 3494 784 3561 clare,
803 3501 831 3546 at
848 3494 973 3564 pleraque
988 3513 1005 3548 s
1021 3496 1097 3548 nobis
1114 3511 1222 3550 eatenm
1234 3516 1283 3551 su-

173 3563 325 3627 ditarunt,
348 3571 379 3616 ut
401 3580 469 3635 quae
490 3581 539 3618 non
556 3562 655 3648 liquido
677 3563 853 3627 audissemus,
876 3580 965 3617 eorum
990 3564 1068 3617 etiam
1086 3583 1188 3620 sensnm
1205 3567 1283 3622 facile

174 3632 237 3686 inde
251 3633 464 3687 coniectaremus.
499 3635 612 3687 Nomou
629 3632 676 3685 illa
692 3632 815 3686 continua
832 3632 991 3701 singulorum
1003 3635 1195 3689 vociteratione
1204 3653 1284 3692 socca

174 3701 280 3758 ultimae
298 3702 470 3772 superstites,
494 3719 527 3755 ex
548 3703 739 3771 circumpositis
758 3703 921 3772 imperatorii
937 3702 1007 3755 illiue
1024 3704 1147 3758 domicilii
1163 3706 1284 3776 sphaeris

175 3781 205 3825 at
221 3769 417 3840 hemisphaeriis
432 3771 604 3836 resultantes,
629 3777 656 3824 et
678 3771 836 3841 qucrnmdam
859 3772 935 3841 quasi
957 3771 1130 3840 vestigiorum
1147 3774 1284 3846 imaginem

175 3839 246 3894 illinc
263 3842 423 3905 miscentes,
445 3841 528 3894 amice
550 3846 580 3893 ut
595 3841 635 3893 its
658 3840 741 3894 dicam
758 3859 806 3894 nos
823 3839 858 3892 ad
874 3860 904 3893 ae
922 3838 1090 3895 admittebant
1108 3850 1136 3896 et
1152 3845 1225 3898 velut
1240 3847 1285 3898 in-

174 3911 364 3973 troducebant,
381 3927 465 3980 eaque
486 3908 589 3964 ratione
613 3909 804 3979 aegritudinem
820 3909 897 3964 animi
914 3910 996 3964 nostri
1013 3911 1108 3965 blande
1124 3913 1283 3968 solabantur.

173 3979 240 4047 (X.)
257 3979 311 4032 Res
328 3987 407 4049 porro
425 3981 482 4050 ipsa
499 3981 525 4032 in
542 3985 642 4033 tantum
659 3981 745 4032 scelus
761 3997 809 4033 eru
828 3981 865 4044 it,
888 3980 927 4032 ita
951 3980 1021 4051 apud
1037 3981 1106 4034 illam
1124 3981 1239 4037 insanam
1256 3993 1285 4037 et

174 4048 264 4102 rudem
286 4047 437 4117 pontificum
464 4056 595 4103 catervam
618 4055 779 4132 opportunus
796 3997 963 4118 biaspbemiia
981 4050 1051 4102 locun
1074 4051 1186 4122 obtigit,
1210 4059 1240 4106 ut
1255 4061 1285 4107 et

175 4118 317 4188 imperstor
333 4125 361 4171 et
376 4119 544 4188 patrinatu,
563 4127 590 4170 ct
606 4117 644 4170 ills
661 4135 749 4172 omnes
761 4117 887 4188 episcopi,
905 4135 1042 4189 supremae
1054 4121 1220 4175 auctoritatis
1231 4139 1286 4174 mc·

174 4195 204 4240 tu
224 4186 356 4254 plerique,
374 4187 499 4242 communi
516 4187 624 4241 decretu
643 4188 882 4256 pronunciaverint,
899 4189 981 4257 ipsum
996 4205 1099 4259 quoque
1116 4191 1286 4246 substantiam

174 4255 340 4309 divinitatem
357 4255 410 4311 dici
426 4257 607 4326 aliquetenus:
625 4265 654 4310 at
671 4257 778 4328 proprie
796 4257 957 4310 divinitatem
974 4257 1132 4320 increatam,
1149 4269 1177 4314 st
1195 4263 1287 4315 asub-

175 4324 274 4381 stnntio
290 4323 381 4381 dirim
396 4326 474 4398 longe
484 4327 634 4392 δίεετιααι,
651 4326 764 4398 [vocari]
783 4327 974 4398 opernticnem3
992 4344 1061 4397 quae
1077 4328 1181 4399 quidem
1198 4347 1247 4400 per
1258 4348 1288 4385 so
