3067 4792
353 306 589 379 HISTORIAE
609 307 889 377 BYZANTINAE
908 306 998 377 XIV.
1019 314 1050 379 8.
1170 296 1247 373 72λ

149 500 213 551 τοις
232 478 283 541 καὶ
307 470 467 557 βάναυσον
490 470 598 557 άγουσι
617 473 687 557 βιόν
705 482 819 539 ποιεῖν·
846 473 880 539 έν
901 472 936 539 δέ
951 468 1101 558 δοράβων
1113 466 1246 558 είρῆνην,
1265 488 1330 538 hc.
1344 481 1414 543 1³44

148 576 219 643 eride*
233 589 300 653 τοῖς
315 574 440 663 σφόδρα
456 586 592 651 συνετοῒς
612 575 699 659 μάλα
713 600 760 641 τοι
778 576 896 642 εῶοδον.
922 575 959 641 τδ
974 574 1103 662 μὲνγὰρ
1120 558 1414 679 ιιῶτονο-Ἥᾶξὼ

148 681 205 771 peip
222 678 346 766 φάσεως
369 678 491 764 ἄγεται·
522 674 542 761 ἡ
567 678 602 743 δέ
618 676 710 765 φάσις
732 677 868 744 ἄτακτον
883 680 934 743 καὶ
947 675 1114 761 άνῶμαλον
1128 674 1279 759 vincli-B

148 808 238 867 γηται
253 778 347 848 είναι·
372 780 408 847 τδ
425 782 458 847 δέ
473 782 595 870 παιδείῳ
607 784 658 847 καὶ
672 782 789 847 συνέσει
803 781 1028 867 βεβουλευμένῃ
1045 783 1096 847 καὶ
1109 778 1251 867 σῶφροσι

127 890 308 970 ἐλογισμοῖς
324 886 496 961 οίακίζεται,
524 880 598 949 ὅθεν
621 884 656 951 td
671 885 728 967 μέν
742 883 863 959 καὶτὰς
877 883 935 949 odat
956 882 1052 960 οὔσας
1066 880 1252 949 ἀναπλάττει

148 983 336 1073 προφάσεις,
366 983 477 1072 έφόδια
498 988 621 1071 πορίζον
639 997 708 1063 ταῖς
727 983 860 1070 μάχαις·
887 987 923 1053 τδ
947 987 982 1053 δέ
1005 986 1134 1064 καὶτὰς
1156 985 1253 1063 οὔσας

148 1090 301 1172 έκτέμνειν
316 1094 473 1175 πειρῶται,
501 1085 644 1176 καθάπερ
660 1090 765 1174 ἰατρὸς
784 1089 845 1173 πρὸ
860 1095 917 1172 τῆς
931 1086 1071 1173 βλάστης
1088 1091 1120 1155 έν
1131 1095 1170 1177 τῇ
1184 1088 1280 1177 ῥίζηο

148 1192 206 1277 τὴν
230 1194 399 1277 θεραπείαν
419 1188 614 1275 τεχνῶμενος.
659 1191 730 1280 (Β.)
753 1192 841 1275 Ἐμοί
863 1193 921 1275 μέν
940 1185 995 1257 οὖν
1021 1189 1074 1259 διά
1097 1218 1130 1259 τε
1154 1199 1255 1259 ταῦτα

149 1296 274 1379 βέλτιον
290 1294 345 1359 τὸν
359 1291 487 1378 ἡσύχιον
501 1294 584 1371 έδοξε
597 1296 667 1377 βίον
683 1292 810 1359 ἑλέσθαι
817 1343 828 1373 ,
851 1297 902 1360 καὶ
916 1294 982 1378 ἅμα
993 1296 1175 1385 μεμνημένῳ
1196 1295 1255 1360 κά·

107 1410 229 1465 λοκεῖνο
254 1398 291 1464 τδ
312 1393 459 1479 Ζήνωνος
481 1404 537 1463 τοῦ
563 1404 682 1483 σοφοῦ,
712 1396 794 1473 ὅπως
816 1398 848 1461 έν
868 1400 1031 1487 συμποσίῳ
1043 1405 1172 1487 μακρῷ,
1192 1404 1256 1463 τῶν

128 1500 254 1583 Ιἄλλων
273 1504 382 1587 σοφῶν
408 1501 612 1576 ἐπιδεικτικῶς
632 1510 697 1576 τοῖς
709 1501 741 1565 έκ
759 1504 950 1583 Βαβυλῶνος
970 1497 1160 1583 ὁμιλούντων
1179 1502 1256 1588 πρέ-

147 1610 256 1685 σβεσιν
264 1652 275 1684 ,
302 1600 399 1685 μόνος
416 1602 509 1679 αδτδς
525 1600 640 1668 έσιῶπα
648 1652 660 1683 ,
685 1606 736 1667 καὶ
752 1601 810 1687 τὴν
825 1605 927 1669 αἰτίαν
940 1611 1003 1669 τῶν
1016 1604 1172 1689 πρέσβεων
1184 1590 1255 1691 390⁸-

146 1707 250 1791 μένων
271 1712 327 1788 τῆς
346 1711 482 1788 σιωπῆς,
506 1705 553 1769 ‘iv'
577 1704 672 1789 έχοιεν
693 1704 889 1791 ἀπαγγέλλειν
912 1713 957 1794 τῷ
979 1712 1105 1789 βασιλεῖ
1114 1706 1210 1791 σαφές
1225 1723 1285 1776 ran

146 1811 217 1895 περὶ
233 1807 350 1873 αὐτοῦ·
378 1808 611 1895 ,,πορευδέντες
624 1808 857 1893 άπαγγεῶατε,”
872 1812 978 1894 φησὶν,
996 1811 1099 1890 ,βδεῖν
1114 1810 1146 1873 έν
1155 1806 1255 1892 Ἀθή-

107 1924 219 1988 15νυις
235 1909 416 1996 ἄνθρωπον,
437 1917 557 2001 σιωπᾷν
569 1912 601 1976 έν
618 1913 781 1998 συμποσίῳ
797 1908 1001 1994 δυνάμενον.”
1027 1910 1094 2000 (Γ.)
1109 1908 1201 1977 odeo
1215 1911 1255 1997 δὴ

148 2012 316 2099 πεπραχῶς
334 2016 385 2079 καὶ
402 2013 496 2089 αι’ντδς
515 2011 619 2101 ἓῶρων
640 2012 741 2101 ῶσπερ
756 2014 791 2079 ἔκ
809 2020 939 2090 σκοπιάς
956 2011 1081 2101 σφόδρα
1097 2014 1256 2101 ἀντιφιλο-

147 2123 325 2191 νεικσῦντας
342 2116 415 2193 τοδς
430 2114 621 2203 ἑκατέρωθεν
642 2113 883 2203 ἀνυβράσαντας
907 2114 1066 2193 κλύδωνας
1089 2117 1123 2185 έκ
1143 2142 1178 2183 τε
1193 2123 1257 2184 τῶν

149 2220 310 2303 δημοσίων
337 2217 369 2282 iic
391 2243 423 2283 τε
454 2225 517 2283 τῶν
546 2219 634 2306 ῒερῶν
658 2224 715 2303 τῆς
739 2220 900 2303 ἐκκλησίας
926 2218 1134 2306 πραγμάτων,
1173 2218 1268 2296 ὅστις
1339 2264 1342 2268 ›

148 2319 235 2407 λάβῃ
250 2321 286 2386 τδ
299 2323 413 2402 μεῖζον,
440 2323 490 2387 καὶ
504 2321 591 2407 δίκην
605 2318 744 2388 ὁλκάδων
761 2324 848 2388 δυοῖν
860 2323 893 2387 έν
907 2322 993 2411 μέσῳ
1008 2328 1194 2408 πλημμελῶς
1205 2324 1287 2388 salit

107 2422 293 2499 inducimur
311 2421 486 2507 ἀγομένων,
510 2427 562 2489 καί
583 2416 760 2511 φερομένων
774 2421 877 2511 φοράν
897 2450 967 2489 τινα
984 2428 1034 2491 καὶ
1051 2420 1168 2511 κίνησιν
1180 2424 1259 2491 dxv·

148 2522 305 2613 βέρνητόν
321 2549 354 2591 τε
368 2527 419 2590 καὶ
433 2524 545 2611 ἄλογον
559 2530 610 2591 καὶ
625 2524 791 2609 άνῶμαλον
797 2576 809 2607 ,
832 2529 884 2592 καὶ
897 2529 966 2592 δίαν
977 2538 1060 2593 ποιεῖ
1068 2530 1103 2594 td
1118 2524 1259 2612 circipen-

148 2650 226 2696 τον·
255 2623 297 2703 ῶς
310 2626 389 2710 μετὰ
408 2633 464 2693 ταῶ
486 2628 530 2711 μὴ
553 2626 710 2695 δύνασθαι
733 2631 814 2713 μηδέ
833 2628 1006 2711 βούλεσθαι
1025 2637 1157 2715 βοηθεῖν
1172 2656 1258 2717 περι-

150 2730 371 2814 στατουμένοις
388 2726 550 2815 ἀλλήλοις·
578 2730 655 2795 ἀλλ’
673 2726 787 2814 ὁμοίως
809 2728 930 2808 ἑαυτοῖς
950 2757 983 2799 τε
996 2734 1047 2799 καὶ
1061 2730 1206 2819 ἀλλήλοις
1227 2733 1259 2810 ές

223 2876 250 2929 9.
267 2868 380 2929 κάκεῖνο
397 2873 472 2927 Boiv.
490 2891 538 2945 pro
554 2872 681 2945 κάκείνῳ.
735 2879 778 2932 11.
795 2873 825 2932 έν
841 2875 918 2934 Boiu.
934 2892 984 2947 pro
1001 2874 1040 2933 dr.
1092 2880 1136 2935 to
1152 2875 1184 2934 dr
1199 2881 1260 2932 ants

222 2944 341 3008 σκοπιᾶς
358 2942 418 2995 add.
430 2944 506 2997 Bois.

152 3065 239 3188 plebis
252 3061 397 3117 hominibus
409 3062 486 3116 lacile
500 3066 556 3127 est3
573 3081 606 3117 ex
619 3062 728 3119 tumultu
739 3080 804 3118 vero
814 3080 919 3135 psoem,
936 3081 970 3118 ne
982 3063 1188 3134 prudentissimis
1199 3064 1260 3135 qui-

171 3153 212 3189 em
232 3132 309 3187 valdo
329 3140 479 3203 proruptum.
522 3132 636 3187 Alterum
655 3133 751 3204 quippe
770 3134 901 3187 liberrimo
920 3142 1029 3187 naturae
1046 3134 1143 3205 impetu
1160 3135 1259 3187 ierturz

152 3210 271 3259 natunm
290 3218 367 3271 porro
380 3200 551 3255 inordinatum
564 3203 686 3272 quiddam
699 3220 758 3255 esse
770 3210 873 3256 cousnt
885 3209 913 3256 et
925 3203 1073 3272 inaequales
1090 3203 1198 3257 alterum
1212 3221 1261 3257 uu·

152 3284 204 3341 tem
218 3278 290 3324 certo
303 3268 379 3323 animi
391 3269 486 3322 iudicio
498 3276 526 3323 et
536 3270 695 3340 sapientibus
707 3271 821 3325 consiliis
832 3271 942 3341 regitur.
965 3272 1056 3341 ltaque
1070 3271 1133 3325 illud
1147 3273 1260 3341 quidem,

152 3350 183 3397 ut
201 3340 363 3395 ssessionem
381 3337 519 3393 discordiis
538 3342 679 3409 praebeat,
703 3357 797 3393 musas
809 3340 1008 3394 comminiscitur
1023 3341 1101 3395 stiam
1115 3358 1175 3405 ess,
1193 3357 1261 3409 quas

153 3410 241 3463 mullas
257 3417 332 3461 suot:
355 3406 426 3461 istud
439 3424 501 3461 vero
520 3409 598 3463 atium
618 3427 679 3474 esa,
696 3426 764 3479 quae
781 3411 903 3472 subsunt,
920 3409 1037 3463 recidere
1050 3417 1172 3473 σοοαέυτς
1188 3409 1261 3461 velut

153 3478 281 3535 medicus.
292 3476 339 3546 qui
351 3478 448 3540 morbo,
467 3482 604 3546 antequam
615 3486 724 3541 ereren,
741 3479 768 3531 in
781 3477 838 3547 ipra
850 3478 941 3531 radice
952 3478 1076 3531 medicum
1088 3479 1196 3531 adhibet
1205 3495 1261 3530 σιε-

88 3584 90 3589 ,
153 3563 224 3601 uum.
258 3544 322 3613 (ll.)
339 3544 405 3598 Mihi
422 3544 503 3614 igitur
517 3548 682 3616 tranquillam
697 3548 778 3601 vitem
798 3548 896 3616 eligere
913 3547 994 3599 satim
1008 3546 1088 3600 risum
1103 3554 1159 3613 est,
1176 3554 1204 3599 et
1215 3546 1261 3601 ille

154 3614 298 3685 cogitasti,
317 3620 344 3666 et
358 3615 406 3668 boc
418 3616 492 3667 simul
504 3615 617 3669 Zenonis
632 3616 700 3669 illius
718 3615 844 3685 sapientis
856 3616 1045 3681 reminiscentit
1062 3616 1108 3737 pai
1124 3614 1262 3669 celebriis

155 3684 286 3747 convivio,
304 3698 361 3735 cum
374 3682 507 3737 ambitiose
523 3685 621 3737 caeteri
634 3685 781 3754 philosophi
795 3684 864 3755 apud
880 3686 978 3755 legatus
993 3684 1067 3755 Baby
1078 3684 1151 3738 onios
1167 3685 1208 3738 dis
1227 3700 1261 3737 u-

154 3759 257 3817 tsrent,
272 3752 368 3805 silebat
379 3752 438 3820 ipse
452 3753 535 3817 solus,
548 3761 576 3807 et
589 3754 685 3809 silentii
699 3770 802 3807 cauam
815 3754 1006 3807 sciscitantibus
1017 3755 1122 3823 legetis,
1139 3755 1198 3807 uth

155 3828 215 3875 rent
230 3820 328 3890 aliquid
343 3820 377 3873 dc
390 3838 421 3873 eo
435 3821 510 3887 certi,
528 3821 597 3891 quod
610 3823 668 3891 regi
680 3824 880 3876 renunciarent:
897 3822 1019 3887 „hbite,”
1033 3823 1127 3892 inquit,
1144 3839 1202 3887 „ac
1217 3840 1261 3876 rc·

155 3892 294 3953 nunciatcf
304 3889 402 3943 vidisse
416 3907 465 3943 vos
480 3890 587 3943 Athenis
600 3908 658 3944 eum
671 3892 809 3954 hominem,
825 3892 870 3961 qui
884 3892 962 3945 silere
973 3892 1001 3944 iu
1013 3891 1133 3945 convivio
1146 3890 1261 3962 posset.”

155 3960 233 4028 (lli.)
250 3958 322 4011 Idem
337 3974 388 4027 ego
406 3958 612 4024 coniecissem,
636 3959 822 4029 prospiciebam
838 3968 884 4013 tas
901 3978 959 4014 uam
977 3979 993 4014 s
1011 3960 1118 4031 specula
1137 3978 1196 4025 eos,
1218 3959 1263 4030 qui

155 4030 278 4097 utrinque
299 4024 522 4093 effervescebant,
545 4036 597 4081 tam
618 4028 730 4081 civilium
752 4047 828 4097 quam
849 3980 1081 4084 ecclesiasticorum
1102 4030 1262 4098 negotiorum

155 4098 258 4161 ductus,
275 4096 482 4151 acerrimeiuter
494 4105 672 4161 reuertentes,
689 4099 779 4167 ecquis
792 4099 909 4168 superior
921 4098 1059 4163 evadaret3
1075 4106 1155 4167 atque
1168 4098 1195 4151 in
1208 4115 1262 4150 me-

155 4165 200 4220 dio
213 4168 279 4219 door
291 4164 372 4219 veluti
385 4182 481 4229 aava,
498 4164 569 4219 nulls
580 4165 655 4233 lege,
673 4166 743 4219 nullo
758 4166 850 4220 ordine
863 4176 968 4230 euntes,
985 4168 1033 4221 sed
1045 4169 1141 4237 impetu
1155 4166 1263 4235 quodam

155 4240 276 4302 motuque
289 4234 445 4299 temerario,
460 4250 538 4287 caeco
556 4240 583 4287 et
596 4234 726 4303 inaequali
742 4236 882 4304 abreptas,
898 4236 998 4306 qualem
1018 4236 1100 4289 efficit
1120 4251 1212 4296 casus3
1233 4238 1265 4286 ut

156 4320 205 4357 uec
218 4310 340 4375 ponent,
358 4318 407 4357 uec
419 4302 514 4359 relleut
527 4302 649 4375 opitulari
662 4304 713 4359 sibi
727 4303 836 4359 isvicsm
852 4304 1050 4373 circumrosis3
1067 4304 1113 4359 ssd
1123 4302 1224 4376 puriter
1236 4306 1265 4355 et
