3067 4792
128 327 133 336 ⁴
235 241 337 315 stes
616 245 979 318 mnorirrorrss.

322 410 396 489 Peg.
420 402 496 482 164,
519 408 569 473 16.
614 405 800 488 Γρηγορλον]
823 407 873 468 Sic
889 406 987 468 verim
1007 406 1178 487 Gregorrs,
1198 405 1270 468 dnm
1292 425 1383 486 quem

235 513 328 576 snpra
342 491 521 570 Georgium,
542 489 596 552 hic
610 492 788 569 Gregorium
804 493 955 574 appellet,
978 492 1060 572 quod
1075 503 1260 571 postremum
1273 511 1384 552 nomen

235 581 354 658 accepit
364 595 470 637 recens
483 576 649 637 monichus
662 576 777 654 fectus,
798 576 976 658 Pschymer.
993 577 1047 638 lib.
1060 577 1127 640 Vll.
1149 599 1216 659 cop.
1229 583 1282 643 22.
1308 579 1384 640 Tesi-

234 684 271 730 νο
287 661 345 746 γάρ
360 654 403 742 ἦν
417 661 523 748 ἐκείνῳ
537 661 589 726 ναὶ
601 659 635 725 sd
650 661 683 725 ἐν
699 664 850 768 Γεορρίον
870 659 1030 744 μοναχικόν
1048 657 1157 742 ὄνομα.
1187 682 1319 724 onemo.

325 751 395 828 rag.
420 747 497 821 166,
518 753 550 814 7.
594 746 659 809 Καὶ
687 745 718 820 ἐς
740 742 888 812 discorde
912 770 945 810 τε
969 747 1021 810 sol
1049 745 1149 830 ἱερέα]
1184 747 1383 825 Pschymeres

236 834 293 896 lib.
309 831 457 910 1111.οιρ.
475 830 526 896 14.
549 831 588 892 dc
603 832 761 914 Corylensi
781 833 943 914 episcopo,
966 853 983 894 ι
1004 853 1065 912 qno
1088 833 1235 912 Georgius
1255 832 1383 913 Cyprius

237 919 346 1002 primis
366 915 524 979 ordinibus
540 916 752 980 ecclesiaticis
772 917 911 980 initiatus
926 918 997 979 ruit:
1020 916 1116 980 ἐκεῑσι
1128 914 1165 980 τά
1188 911 1287 981 εἰκότα
1308 915 1384 978 τελέ-

237 1021 310 1080 σας,
331 997 466 1082 μοναχὸν
485 998 542 1080 μὶν
563 1002 596 1065 Is
617 1007 737 1090 λαϊτιῖν
748 996 963 1080 investisset,
985 999 1130 1066 derisores
1153 997 1186 1064 δ’
1199 1003 1231 1078 ἐξ
1251 995 1385 1083 άναγνά-

238 1107 311 1152 στον
331 1091 501 1167 χειροτονεῖ.
539 1091 595 1168 τῆς
614 1088 633 1152 6
638 1088 649 1116 ’
667 1083 763 1168 αὐτῆς
783 1085 900 1168 ἡμέρας
921 1087 972 1152 sol
995 1082 1183 1168 πατριάρχην
1205 1086 1225 1152 o‘
1248 1081 1386 1168 βασιλεῦς

102 1203 109 1217 ·
239 1172 356 1237 ἐκεῖνον
374 1167 583 1252 προβάλλεται.
627 1171 685 1232 Ubi
704 1171 759 1232 lrss
774 1173 977 1233 ordinationes
990 1169 1074 1231 hsud
1093 1175 1188 1234 Inous
1203 1196 1220 1232 s
1236 1175 1386 1234 Gennsno

237 1254 432 1320 Hernclesnsi
447 1257 589 1337 episcopo
604 1267 723 1318 exserte
736 1257 789 1333 sit,
810 1257 864 1319 sed
878 1279 896 1317 n
910 1257 1086 1337 cotylem,
1110 1281 1128 1318 s
1142 1278 1203 1338 qno
1219 1259 1298 1318 idem
1315 1259 1387 1316 Ger·

239 1361 344 1404 manus
356 1351 423 1402 tum
434 1342 617 1418 monachus,
637 1363 674 1402 ne
689 1343 848 1404 cuiusdam
865 1342 966 1402 Aeacii
988 1341 1047 1402 viri
1069 1343 1113 1425 pii
1127 1343 1308 1424 discipulus,
1329 1360 1389 1401 uns

240 1447 312 1490 cum
325 1427 393 1506 ipso
415 1427 546 1505 Georgio
560 1428 673 1508 Cyprio
688 1428 720 1487 in
740 1425 945 1509 pstrisrchsm
967 1426 1003 1487 eb
1024 1429 1207 1510 imperatore
1223 1431 1336 1504 electo,
1357 1426 1390 1484 in

239 1511 466 1591 metropolitem
481 1512 707 1574 Heracleensem
721 1513 755 1572 in
776 1512 850 1573 sede
870 1514 971 1573 Irenes
990 1512 1185 1591 inauguratus
1204 1523 1265 1576 est:
1289 1535 1306 1572 ε
1329 1531 1389 1590 qno

241 1596 363 1676 quidem
379 1597 528 1658 Germano
541 1597 684 1679 deinceps
697 1599 729 1658 In
744 1595 898 1678 Sophisna
913 1597 999 1657 iuxta
1013 1619 1139 1676 morem,
1161 1599 1258 1660 solitis
1273 1595 1391 1660 adhibi-

240 1681 404 1744 tisritibus
423 1703 459 1742 sc
471 1685 624 1762 precibus,
636 1693 831 1751 consecratus
846 1683 892 1744 eit
908 1683 1067 1760 Georgius.
1090 1704 1224 1746 οσοειτο.

329 1771 401 1848 Peg.
424 1769 501 1845 165,
527 1768 575 1833 15.
618 1763 1067 1849 ΚαὶτοῖνΛατιννιοίνῆθοῖν]
1091 1770 1211 1850 Cyprus
1232 1769 1312 1830 enim
1329 1777 1393 1828 tnm

240 1849 361 1931 regibus
373 1852 485 1913 Latinis
499 1854 634 1934 parebat.
675 1873 807 1920 oncino.

328 1941 402 2018 ch-
426 1941 504 2016 166,
528 1943 579 2003 13.
620 1934 704 2002 Fari
718 1937 821 2020 pleros
843 1932 1013 2022 συνῄεσαν]
1034 1937 1235 2020 Pnchymerss
1256 1937 1310 2000 lib.
1326 1937 1392 2000 vn.
1518 1970 1519 1999 l

244 2042 310 2103 cop.
324 2021 421 2080 xxti.
463 2041 592 2088 oncino.

330 2109 577 2186 Pog.166,1r.
622 2103 805 2187 Παννάχονς
834 2101 1011 2181 τετελεκότες
1047 2097 1184 2184 στάσεις]
1231 2107 1395 2188 interpres,
1520 2128 1521 2132 ¹

246 2213 313 2254 cum
324 2211 377 2272 per
390 2203 487 2250 sotem
505 2208 620 2254 noctem
634 2194 788 2252 ιιειίιιειιι.
829 2192 905 2265 Iino,
928 2211 1113 2252 οατιιιοστσι
1129 2212 1167 2252 oc
1183 2209 1345 2254 nocturnos
1364 2195 1397 2252 in

245 2273 318 2337 orde
335 2295 426 2335 sacra
446 2274 567 2357 vigilios
589 2279 763 2360 exegissent.
807 2277 852 2337 Its
869 2277 949 2338 insrs
971 2297 1038 2356 csp.
1059 2277 1099 2336 X·
1121 2271 1177 2340 dont
1198 2275 1253 2342 τ6ν
1273 2279 1399 2358 μοναδι-

245 2356 300 2424 τι6ν
333 2352 527 2441 ἐνεργάζεται
555 2363 640 2444 βίον,
671 2358 846 2443 ἐγκράτειαν
875 2362 957 2442 φημὶ
983 2360 1036 2424 sel
1064 2355 1184 2433 στάσεις
1209 2357 1396 2443 παννάχονς,

246 2439 447 2525 χαμαιεάνης,
470 2457 527 2506 etc.
550 2449 601 2508 ubi
621 2467 743 2508 rursum
765 2447 843 2510 haec
865 2449 942 2508 mole
963 2447 1072 2516 vertit,
1100 2457 1135 2508 ut
1155 2445 1198 2506 ibi
1220 2446 1397 2510 indicemus.

247 2530 324 2592 Vide
340 2529 441 2591 Gloss.
457 2531 535 2594 med.
550 2533 681 2594 Graecit.
698 2532 729 2593 in
745 2535 943 2614 παννυχίδες·
979 2551 1110 2592 nucero.

335 2618 408 2695 Peg.
432 2621 507 2694 167,
528 2622 559 2684 6.
587 2612 711 2682 Totiens
724 2612 804 2682 οὕτω
818 2617 1005 2702 γενομέναν]
1029 2617 1111 2678 Idem
1122 2615 1398 2697 Pschym.lib.VlI.

250 2721 317 2782 csp.
332 2700 449 2764 xxxi.
491 2723 624 2764 roomo.

335 2789 409 2866 Peg.
432 2790 508 2866 167,
533 2793 583 2854 13.
624 2787 727 2867 Μέχρι
739 2792 795 2868 τῆς
809 2783 976 2870 Εάγενείον
993 2779 1113 2868 πάλης]
1135 2783 1212 2847 Vide
1228 2787 1400 2848 Constanti-

250 2890 322 2952 nop.
341 2870 452 2938 Christ.
470 2873 525 2934 lib.
545 2873 572 2936 1.
589 2884 660 2934 sect.
677 2873 729 2933 tv.
748 2894 779 2934 n.
800 2879 829 2938 1.
862 2891 994 2933 oncino.

337 2959 412 3036 Peg.
429 2961 566 3035 167,.18.
594 2962 656 3023 Τοῦ
671 2958 761 3040 άγλον
776 2953 918 3042 Ἀνδρέου
934 2951 1043 3037 μονήν]
1061 2955 1106 3016 lle
1124 2954 1184 3016 hnc
1205 2957 1295 3032 sede,
1316 2967 1353 3017 ut
1364 2957 1402 3018 ds

250 3037 412 3100 'I'lreodors
437 3042 503 3102 eius
531 3042 714 3117 conditrice,
750 3063 839 3122 quem
862 3035 1040 3106 Ῥαύλαιναν
1060 3061 1077 3100 n
1098 3042 1232 3101 secundo
1262 3042 1401 3121 coniugio

251 3133 344 3186 vocet
354 3123 555 3204 Pschymeres
568 3129 622 3193 lib.
634 3128 714 3187 VIII.
732 3147 797 3208 csp.
808 3131 848 3189 X.
863 3129 957 3188 mults
973 3135 1044 3186 sunt
1059 3147 1075 3185 e
1090 3127 1180 3186 nobis
1197 3125 1357 3187 observate
1370 3130 1404 3188 in

251 3208 334 3270 notis
350 3209 388 3274 sd
409 3209 464 3275 lib.
485 3213 565 3272 XIII.
590 3212 694 3272 Annsl.
711 3215 845 3276 Zonsrne
866 3235 895 3274 n
913 3213 951 3272 II.
973 3221 1004 3272 et
1025 3211 1057 3270 in
1077 3221 1234 3274 stemmste
1249 3213 1403 3274 Pnloeolo-

252 3315 369 3372 porum.
392 3313 521 3358 οσσειτσ.
563 3298 608 3358 De
621 3297 679 3358 hec
690 3296 865 3375 Theodora,
893 3296 976 3358 etde
993 3297 1106 3376 templo
1121 3297 1150 3356 S.
1166 3297 1303 3360 Andreae
1317 3301 1355 3358 nb
1371 3319 1404 3359 es

252 3381 430 3458 insumere,
451 3391 571 3443 exstent
583 3383 616 3442 ln
629 3381 735 3442 codice
749 3383 920 3444 colbertino
931 3402 962 3441 n.
975 3383 1067 3447 5018.
1084 3383 1142 3442 trin
1156 3382 1279 3444 Maximi
1292 3385 1406 3446 Planu-

254 3463 311 3524 dae
326 3464 470 3526 historice
485 3467 727 3547 Epigrammata,
749 3468 831 3530 edito
844 3490 861 3527 n
876 3466 1028 3544 Ducnngio
1047 3467 1077 3526 in
1093 3467 1172 3528 notis
1193 3468 1233 3528 sd
1251 3470 1307 3534 Iib.
1323 3469 1423 3538 11111..

253 3549 406 3628 Zorrnrnr,
427 3551 481 3612 sed
502 3552 740 3614 mendosissime.
781 3553 827 3618 En
848 3573 954 3616 eorum
972 3571 1066 3612 unum
1086 3553 1254 3633 integrum,
1276 3576 1317 3617 ex
1335 3555 1406 3616 cod.

253 3635 428 3698 colbertino
443 3639 643 3698 emendatum.

361 3724 454 3784 ΕΙΣ
475 3725 577 3788 ΤΟΝ
594 3725 744 3788 ΝΑΟΝ
763 3725 859 3786 TOT
874 3724 1036 3786 ΛΓΙΟΤ
1059 3726 1306 3792 ΑΝΔΡΕΟΤ

634 3809 1021 3880 ΗΡΩΕΛΕΓΕΙΟῙ,

491 3887 531 3956 ὃν
549 3886 712 3975 ἀνήγειρεν
733 3886 818 3974 crispi
836 3891 861 3966 sl
885 3893 1159 3974 Προτοβεστιαρλα.

293 4017 300 4028 -
346 3971 526 4056 Πτνθομὲνη
547 3993 582 4041 σε
602 3971 743 4057 δόμοισιν
763 3975 798 4040 ἐν
819 3971 1008 4058 ον’ρανίοισιν
1029 3971 1157 4058 άληθῶς

390 4065 481 4143 Ψνχῇ
501 4057 668 4139 ναιετάειν,
690 4057 814 4140 Ἀνδρέα
835 4057 1019 4136 eternitate,

342 4142 408 4208 rtet
426 4151 471 4230 τῷ
491 4141 609 4228 σάματι
629 4154 693 4212 σεῖο
713 4143 794 4212 νεών
816 4143 984 4228 ἐδομήσατο
1004 4141 1108 4224 τάνδε,

384 4224 536 4296 Κάλλεσιν
557 4227 715 4318 οὐρανίοις
736 4227 770 4298 ἓν
786 4233 878 4313 χθονὶ
901 4229 1109 4316 λαμπόμενον,
