3067 4792
272 245 350 329 082,
572 253 809 326 nlcunflonl
827 254 1072 329 Gnuuolteu

107 430 134 482 e
146 427 179 478 bl.
192 425 262 484 6859
274 417 397 488 θέντων
408 417 461 486 καὶ
474 417 747 508 παραληφθέντων
764 418 854 510 έτερο
861 469 873 503 ,
895 417 969 490 ἀλλ’
984 420 1110 499 ἐκείνοις
1123 417 1232 507 μόνοις
1245 421 1384 509 ἐμμένειν

153 493 232 552 ΠΜ
274 524 326 590 καὶ
339 521 475 610 στέργειν
489 521 545 590 τόν
562 521 688 592 ἅπαντα
696 521 832 612 χρόνον,
856 521 905 603 οἷς
918 549 953 593 τε
969 523 1075 608 έμοιθέ
1090 552 1138 604 τις
1153 529 1205 594 καί
1221 525 1384 614 ἐπιστόθη

157 633 193 690 V.
206 631 259 691 499
276 626 355 714 πρός
376 633 440 694 τῶν
460 625 674 695 ἀποστολικῶν
695 624 834 698 κανόνων
852 632 905 696 καὶ
924 634 1063 710 θεσμῶν.
1095 631 1148 697 καλ
1168 631 1203 696 τί
1218 633 1270 696 δεῖ
1285 629 1382 700 πάντ’

270 731 478 816 ἐκεῖνυ,λίγειν
495 731 576 799 καθ’
595 732 731 818 linum
757 731 843 800 ibone
856 733 917 821 γδρ
930 729 1081 814 ἅπαντες,
1108 729 1220 802 όπόσοι
1229 740 1289 802 τοῦ
1301 732 1384 803 θεό-

271 859 349 921 τρου
365 831 524 922 γεγόνασιν
541 836 655 902 ἐκείνου
672 839 800 920 μεστοὶ,
820 843 888 913 πῶς
903 836 1018 920 ἐκείνην
1038 836 1150 920 σχεδόν
1165 834 1307 906 ἀνόλωσε
1324 839 1409 924 τὴνῦ

242 935 407 1024 θήμέραν,
436 938 468 1002 ἐν
487 933 639 1023 ἁπλότητι
667 936 767 1025 λόγων
787 937 1033 1025 ὑποκαθημένην
1055 965 1089 1005 τε
1110 943 1164 1008 καί
1181 937 1385 1029 όφέρπουσαν

271 1042 364 1113 οἱονεὶ
385 1043 575 1128 προλοχίζων
594 1045 646 1108 καὶ
666 1042 862 1130 παραμιγνὺς
876 1047 1050 1128 περίνοιαν,
1079 1045 1132 1108 καὶ
1153 1043 1194 1109 τό
1210 1046 1270 1128 μέν
1287 1049 1385 1112 οέκεῖα

270 1145 422 1232 ἐξαίρων,
454 1151 517 1210 τῶν
534 1145 678 1228 κειμένων
694 1143 775 1233 ὅρων
796 1149 896 1231 δῆθεν
914 1142 1034 1225 ἐξιόντα
1054 1145 1197 1232 οὐδαμῆ,
1221 1155 1333 1214 πασῶν
1349 1149 1385 1214 δέ

271 1249 323 1314 καὶ
336 1249 492 1316 παντοίων
506 1245 661 1334 γεμούσας
675 1245 813 1318 ἐκτόπων
825 1251 963 1325 ἐπιεικῶς
976 1249 1160 1337 ἀποφαίνων
1173 1256 1384 1338 βλασφημιῶν

269 1351 329 1430 τός
344 1351 421 1435 ἐμός
435 1349 636 1440 συγγραφάς·
664 1349 706 1429 ὥς
721 1350 825 1420 πάνθ’
844 1350 924 1436 όμοῦ
945 1358 1096 1440 λαμπρῶς
1114 1354 1383 1440 ἐκδημαγωγηθῆ-
1392 1372 1426 1427 1⁰

270 1481 323 1522 ναι
341 1455 382 1522 ud
402 1454 528 1540 πλήθη·
556 1459 795 1542 παροξυνθῆναι
810 1454 845 1520 δ’
865 1453 1005 1532 ἅπαντας
1026 1454 1105 1522 καθ’
1126 1453 1235 1541 ἡμῶν,
1263 1456 1331 1524 όσοι
1350 1483 1385 1526 τε

270 1565 334 1634 τῶν
352 1557 546 1646 εὐπατριδῶν
560 1563 612 1627 καί
628 1558 696 1626 ὅσοι
709 1566 773 1628 τῶν
787 1557 891 1636 ἀλλως
904 1554 1047 1645 ἐχόντων.
1080 1556 1154 1624 ἀλλ’
1178 1557 1231 1644 ἀγε
1246 1560 1285 1645 δὴ
1292 1609 1304 1642 ,
1326 1587 1385 1644 με·

238 1659 514 1746 Ινταπεμιμόμενος
526 1659 646 1740 πόντος
662 1659 879 1752 ἀγορανόμους
896 1659 976 1746 όμοῦ
996 1664 1049 1730 καί
1063 1658 1260 1748 δημάρχους,
1282 1664 1385 1732 κέλευε

268 1769 435 1852 μαστιγίας
450 1767 584 1844 ἐκείνους
603 1765 744 1844 ἅπαντας
765 1765 928 1844 ἀποδεῖξαι
944 1767 1061 1850 ταχέως
1066 1815 1078 1847 ,
1103 1768 1155 1832 καί
1173 1773 1238 1833 τῶν
1251 1767 1384 1851 ἱματίων

268 1870 424 1957 γυμνοδς,
450 1873 502 1936 καί
519 1868 586 1954 ἅμα
600 1867 716 1946 πόσαις
737 1871 790 1936 καλ
809 1872 1025 1946 παντοδαπαῖς
1040 1869 1303 1955 ἐγκεκλεισμένους
1319 1873 1384 1958 eip-
1394 1884 1426 1940 15

202 2057 205 2064 Α
269 1984 375 2054 κτοῖς,
412 1970 480 2040 ὅσοι
499 1979 558 2039 τοῦ
580 1970 741 2060 σύρφακος
759 1971 855 2056 όχλου
877 1971 1022 2058 τυχόντες
1044 1971 1103 2040 οῦκ
1127 1974 1291 2042 αἰδοῦνται
1318 1985 1384 2052 τοῖς

269 2073 347 2163 ῦπέρ
372 2072 504 2158 δόναμιν
524 2078 746 2164 ἐγχειροῦντες,
768 2079 822 2142 ἵνα
843 2073 1042 2164 μονότροπός
1065 2101 1113 2153 τις
1136 2074 1235 2142 ἅπασι
1259 2076 1386 2163 γένηται

271 2177 392 2267 φόβος·
421 2177 499 2248 ὥστε
520 2185 577 2264 τῆς
601 2179 750 2266 ἀγοραίου
768 2182 821 2246 καὶ
840 2186 1010 2267 θεατρικῆς
1029 2179 1207 2268 παρρησίας
1221 2179 1279 2265 τὴν
1294 2183 1385 2265 ταχί-

269 2308 347 2368 στην
363 2281 595 2366 ἀποσχομένους
616 2283 695 2370 πρδς
717 2283 775 2367 τὴν
798 2278 970 2370 ὡρισμένην
991 2285 1122 2353 ἕκαστον
1137 2284 1314 2370 ἐπείγεσθαι
1327 2289 1384 2351 τοῦ

239 2389 265 2444 Ε
270 2389 343 2470 βίου
357 2387 503 2471 τελευτὴν
519 2383 644 2454 οῦτωσί.
672 2384 803 2454 κάπειτό
817 2411 869 2452 σοι
882 2387 1065 2472 δεδογμένον
1082 2386 1174 2469 έστω,
1197 2389 1249 2452 καὶ
1262 2387 1428 2475 προῦρῠ)

269 2492 430 2576 γιαίτοιτον
453 2485 600 2560 ἁπάντων
613 2485 751 2573 μόλιστα
761 2538 772 2570 ,
800 2489 960 2578 συνέδριον
976 2489 1043 2574 ἅμα
1065 2495 1111 2580 τῷ
1131 2487 1310 2578 πατριόρχη
1324 2487 1384 2576 τὴ-

269 2589 505 2680 μερονπάντων
520 2595 663 2661 ἐνταῦθα
677 2593 823 2680 γενέσθαι
837 2599 902 2660 τῶν
921 2591 1105 2663 ἐπισκόπων.
1140 2589 1239 2658 ἅπασι
1257 2594 1317 2681 γάρ
1333 2595 1385 2659 ἐπὶ

270 2701 367 2784 ξυροῦ
384 2696 425 2763 τὰ
440 2704 498 2782 τῆς
510 2679 678 2782 καταδίκης
694 2698 803 2782 ἐπίσης
816 2699 960 2778 ἵσταται,
980 2701 1228 2782 συλλειτουργοΐς
1240 2699 1292 2760 καὶ
1306 2693 1385 2779 δμό·

272 2826 386 2889 φροσιν
400 2798 514 2868 ἅπασιν
530 2793 617 2868 οῦσιν
630 2797 720 2886 ἡμῖν·
746 2804 799 2866 καὶ
808 2799 872 2887 χρὴ
887 2805 981 2866 πᾶσιν
999 2801 1107 2884 ἐπίσης
1121 2799 1292 2886 φροντίζειν
1304 2795 1383 2887 ῦπέρ

272 2911 364 2992 σφῶν
381 2902 495 2972 αὐτῶν.
531 2907 559 2970 ei
574 2904 611 2970 δέ
623 2928 722 2987 τινες,
748 2903 911 2986 εὐλαβείας
929 2902 1103 2990 προφόσει,
1128 2909 1187 2986 τῆς
1199 2899 1290 2987 ἡμῶν
1304 2899 1425 2986 ὁμο-25

272 3067 306 3103 eu
319 3049 376 3102 sols
393 3053 523 3120 perpetuo
535 3051 738 3104 observarentur
749 3055 778 3103 et
792 3050 1015 3118 approbarentur,
1031 3065 1101 3118 qnne
1113 3045 1225 3119 quisque
1236 3047 1384 3115 didicisset,

271 3125 300 3172 st
317 3135 427 3201 quorum
440 3121 518 3172 tidem
539 3137 572 3172 ex
589 3119 730 3172 canonibus
745 3127 774 3172 et
785 3119 1013 3174 constitutionibus
1026 3121 1208 3188 Apostolorum
1225 3119 1324 3171 firmem
1338 3136 1385 3171 eo-

270 3196 394 3270 peprsset.
431 3187 503 3251 Quid
518 3205 581 3242 vero
596 3205 704 3240 neemse
723 3195 765 3271 est
783 3188 869 3270 omnio
883 3197 912 3241 et
923 3189 1026 3258 singule
1041 3189 1202 3271 peremere?
1226 3188 1386 3258 Quicunque

270 3257 316 3310 ullo
336 3259 485 3327 spectaculo
505 3275 534 3311 se
554 3259 740 3327 expleverunt,
756 3257 779 3310 ri
795 3259 1024 3380 snunlgoquomodo
1043 3258 1088 3310 rlle
1104 3260 1174 3310 diem
1194 3258 1251 3311 lere
1264 3275 1387 3310 sonsum·

271 3327 370 3397 pserit3
387 3327 514 3381 occultem
535 3333 562 3380 et
582 3328 647 3381 dem
665 3327 848 3396 subrepentem
911 3329 1002 3382 ertiem
1021 3327 1049 3381 in
1070 3327 1239 3398 simplieitote
1259 3325 1386 3380 mrmonis

270 3397 348 3468 qussi
357 3395 543 3451 insidiatricem
553 3397 681 3450 onlloeens
695 3404 724 3450 et
736 3395 912 3461 interserens3
930 3415 962 3450 ec
972 3415 1022 3450 sne
1030 3397 1134 3468 quidem
1146 3397 1234 3449 verbis
1246 3397 1384 3460 extollens,

269 3467 634 3590 lltttl‘tttlttl
645 3465 1314 3590 ltftffltntt‘ltttt‘fnttt·
1324 3465 1385 3588 qli}

270 3611 352 3658 telem
367 3554 556 3658 ιυοίτὶτυδίόίόια
568 3605 646 3659 fusile
658 3604 710 3658 sibi
729 3555 905 3674 mencipeprit3
922 3612 950 3658 et
963 3553 1133 3675 gnoseunqffse
1145 3603 1270 3687 petrieios
1288 3621 1321 3656 no
1341 3603 1386 3656 di·

268 3689 363 3727 rersee
377 3673 531 3728 conditionis
545 3675 660 3730 homines
677 3675 705 3728 in
723 3693 770 3727 nos
793 3675 916 3730 irrites-it.
952 3678 1069 3745 Agedum
1088 3673 1194 3726 Aediles
1209 3678 1237 3727 et
1251 3673 1383 3727 Tribunos

269 3742 355 3814 plebis
374 3761 462 3798 omnes
481 3761 600 3808 eressse,
624 3752 677 3798 tum
697 3751 827 3814 quotquot
844 3747 878 3799 de
898 3745 996 3798 infime*
1007 3746 1085 3816 plebe
1097 3761 1149 3797 non
1160 3749 1285 3796 verentur
1302 3749 1384 3812 oeptu
1404 3756 1408 3762 ·

269 3829 317 3866 suo
339 3813 437 3866 altiore
457 3813 600 3877 effectore,
623 3815 810 3897 quamprimum
828 3815 943 3868 restibus
962 3823 1074 3880 exutos,
1097 3821 1126 3867 et
1148 3814 1265 3882 quolibet
1286 3811 1384 3882 possim

270 3897 377 3936 nnreere
393 3881 521 3949 inclusos,
539 3885 693 3941 verberibus
707 3884 781 3938 coedi
793 3884 863 3937 iubs.
896 3883 940 3937 lte
955 3903 1043 3938 omnes
1055 3903 1121 3938 nnus
1133 3890 1161 3936 et
1178 3882 1289 3953 simplex
1300 3889 1385 3935 metus

272 3951 423 4006 oondnebie
459 3953 502 4006 lte
517 3954 620 4025 publice
636 3961 664 4008 et
678 3962 773 4024 operte
785 3953 895 4008 eudenio
905 3955 994 4008 stetim
1007 3955 1119 4018 ebione,
1135 3951 1300 4022 praescripto
1312 3949 1385 4019 qm-

273 4038 326 4092 qne
341 4023 413 4076 vilse
423 4023 513 4078 munia
525 4024 644 4077 studebit
657 4024 775 4093 implere.
810 4024 912 4077 Deinde
924 4025 964 4077 sie
975 4027 1094 4090 stetuito,
1112 4032 1141 4076 et
1150 4027 1213 4074 ente
1221 4021 1307 4074 omnin
1319 4036 1386 4088 ops·

272 4109 328 4146 rem
343 4092 421 4158 dsto,
438 4099 467 4146 nt
477 4111 566 4146 ornnes
581 4095 658 4148 bodie
672 4093 788 4165 episcopi
802 4111 860 4147 erim
875 4093 1027 4161 petrierebe
1044 4096 1095 4149 bne
1109 4091 1273 4146 eonverdent.
1307 4089 1386 4142 Peri·

273 4161 358 4216 onlum
373 4165 472 4235 quippe
486 4164 594 4217 evidens
612 4171 641 4217 et
658 4181 783 4234 prsesens
801 4163 919 4216 omnibus
938 4165 1038 4232 puriter
1059 4163 1206 4236 impendet,
1230 4178 1264 4214 ns
1287 4159 1386 4211 nonde·

273 4241 409 4298 nuenton,
426 4232 546 4318 quonism
559 4233 580 4288 ii
595 4251 681 4287 omnes
694 4235 827 4287 nobiseum
844 4233 945 4288 leniunt
960 4241 989 4286 et
1006 4236 1136 4289 sentiunt:
1160 4231 1279 4300 edsoque
1297 4245 1386 4281 omnes

272 4309 379 4372 oportet
392 4303 522 4377 sibiipsis
536 4303 641 4377 sequeli
649 4303 828 4360 eruemus·
837 4302 983 4358 consulere.
1016 4305 1133 4370 Quodsi
1145 4299 1194 4372 qui
1209 4317 1260 4373 pff
1271 4299 1387 4370 ’ΜΦ
