3067 4792
259 298 337 371 788
566 306 805 377 NICEPHORI
825 306 1068 377 GREGORAE

96 486 125 537 Δ.
138 483 172 535 Μ.
186 480 255 539 6855
260 469 440 557 βασιλικοὺς
454 466 514 539 ἔδει
532 474 663 574 τεθῆναι
685 466 839 559 θρόνους,
860 472 953 559 ἐχρῆν
966 466 1158 561 ἕκατίρωθεν
1175 472 1234 560 τὴν
1245 472 1366 562 προσή-

131 552 226 609 Μ
260 597 375 643 κουσαν
401 573 477 658 ἔχειν
499 572 687 661 εὐρυχωρίαν
701 578 752 641 καλ
774 574 849 651 τοῦς
867 582 924 642 τοῦ
948 582 1175 661 θεραπευτικοῦ
1193 574 1363 664 τάγματος,

261 674 354 745 δπότε
377 675 526 761 δεήσειεν·
554 672 596 751 ὥς
617 673 693 742 εἶναι
713 678 816 764 βραχι)
838 677 948 745 λοιπόν
971 678 1009 745 τό
1029 678 1206 763 λειπόμενον
1227 686 1284 747 τοῦ
1305 682 1364 749 veui

261 781 343 866 πρὸς
366 776 523 864 ῦποδοχὴν
547 776 705 866 διαφόρων
723 780 833 863 ὄχλων.
869 778 954 864 ὅμως
973 781 1147 868 ἔφαμίλλυυ
1170 786 1363 873 τῷμεγίστῳ

39 885 76 966 0
260 886 338 973 θείην
359 884 460 971 ἐκείνῳ
479 882 593 967 τεμίνει
618 889 680 949 τῶν
700 882 825 950 πάντων
847 882 938 959 ὄντος
959 884 1101 965 οῦδενός,
1132 882 1150 952 ὅ
1173 884 1316 972 όεάτερος
1329 888 1387 965 iis

227 984 395 1071 Βάνάγκης
417 985 500 1063 ἔδοξε
526 990 622 1061 πλοῦς
645 988 687 1061 είς
710 986 767 1071 τὴν
784 989 893 1074 χρείαν
915 984 1021 1065 αῦτάς.
1060 987 1128 1078 (Γ.)
1154 992 1219 1055 Καὶ
1234 983 1316 1074 ἦσαν
1334 990 1365 1057 οἱ

260 1089 335 1165 τούς
349 1088 528 1171 βασιλικοδς
548 1095 715 1173 τηνικαῦτα
737 1087 876 1177 θρόνους
901 1095 1091 1178 πληροῦντες
1119 1092 1251 1169 ἐκείνους
1279 1096 1366 1159 δυοῖν

260 1218 294 1257 τε
314 1192 467 1273 βασιλίων
492 1188 663 1274 ὁμωνύμων
685 1189 886 1280 ὁμοφροσύνη
913 1196 966 1257 καλ
995 1192 1063 1277 ἅμα
1085 1197 1244 1279 βασιλίδες
1273 1205 1364 1279 τρεῖς,

254 1292 349 1361 ’Ἅννα
372 1320 405 1361 τε
427 1297 478 1361 καλ
492 1292 610 1381 Είρῆνη
632 1291 652 1379 ἦ
675 1296 919 1381 Καντακουζηνὴ
938 1297 1017 1379 μετὰ
1032 1303 1089 1381 τῆς
1103 1298 1264 1384 θυγατρὸς
1280 1294 1365 1363 ‘Eis'-

260 1422 327 1483 νης.
354 1394 473 1465 τοότων
494 1396 527 1463 δ’
547 1397 628 1464 οὕτω
641 1400 858 1482 τετελεσμένων
866 1446 877 1479 ,
904 1402 972 1483 περὶ
986 1397 1117 1485 δεκάτην
1132 1398 1217 1488 ὥραν
1233 1426 1293 1466 που
1308 1406 1366 1485 τῆς
1373 1415 1409 1469 10

262 1497 388 1587 πριότης
400 1503 451 1566 καλ
467 1502 605 1586 εἶκοστῆς
625 1507 681 1566 τοῦ
706 1506 802 1585 μαῖου
826 1503 929 1569 ’ίππων
949 1501 1046 1579 εῦθδς
1058 1501 1235 1585 ἐπιβάντες,
1261 1499 1306 1581 ὥς
1321 1500 1366 1569 εί-

258 1630 335 1689 χον,
360 1603 516 1688 μετὰτῶν
536 1610 704 1686 βασιλικῶν
725 1602 906 1688 ἐνδυμάτων
929 1605 1049 1671 ίκείνων
1074 1596 1151 1690 ἧκον
1168 1608 1199 1681 ze
1213 1606 1248 1672 τό
1261 1603 1365 1673 παλά-

162 1709 336 1773 λί.4ολτιον.
364 1706 451 1772 κάκεῖ
466 1706 521 1791 τὴν
545 1704 669 1791 συνήθη
688 1704 886 1791 πεποιηκότες
905 1705 1072 1794 ίμφάνειαν
1087 1708 1146 1795 ἀφ’
1161 1704 1287 1793 ῦψηλοῦ
1307 1713 1365 1775 τοῦ

259 1807 404 1894 βήματος
425 1806 489 1875 εἶτα
514 1808 686 1898 κατῄεσαν,
718 1813 771 1875 καὶ
784 1807 938 1897 τράπεζαν
961 1813 1185 1896 παρετίθεσαν,
1211 1814 1260 1877 ini
1277 1812 1365 1877 πίντε

166 1914 256 1976 Ρ.496
263 1910 387 1999 θρόνων
403 1904 498 1988 αὖθις
512 1916 707 1988 καθίσαντες.
738 1911 812 2001 (Δ.)
841 1909 989 2001 Τοσαότη
1003 1914 1038 1981 δὲ
1057 1915 1146 2005 πενίρ
1156 1916 1310 1998 κατείχετο
1323 1914 1365 1981 τὰ
1372 1931 1408 1987 15

260 2018 402 2099 βασίλεια
415 2022 594 2098 τηνικαῦτα,
619 2012 697 2083 ὥστ’
715 2016 806 2081 οὐδὲν
820 2008 858 2099 ἦν
873 2023 935 2083 τῶν
948 2019 1103 2101 τρυβλίων
1115 2020 1165 2083 καὶ
1178 2016 1366 2100 ἐκπωμάτων

261 2122 326 2183 ἐκεῖ
330 2124 468 2204 χρυσοῦν
482 2116 503 2203 ἢ
517 2118 688 2206 ἀργυροῦν·
715 2118 789 2185 ἀλλ’
805 2118 870 2185 λ’νια
881 2120 939 2201 μὲν
953 2121 1155 2205 καττιτίρινα,
1177 2120 1218 2185 τὰ
1229 2120 1265 2201 δ’
1284 2120 1367 2186 άλλοι

260 2219 362 2289 πάντα
378 2226 512 2305 κεραμεῦ
535 2224 587 2286 καλ
609 2218 787 2309 ὀστράκινα.
814 2222 847 2299 ἒξ
873 2212 915 2287 ὧν
935 2221 1032 2299 ἔξεστι
1056 2222 1190 2289 συνιίναι
1207 2233 1273 2299 τοῖς
1296 2221 1366 2289 ὅσοι

262 2324 307 2407 μὴ
324 2323 429 2399 ἄδαεῖς
442 2330 505 2389 τῶν
519 2322 668 2391 τοιούτων
688 2327 738 2390 καλ
753 2327 898 2411 περὶτῶν
913 2324 1014 2401 άλλως
1029 2325 1245 2413 όιρειλομίνων,
1265 2322 1367 2393 ὁπόσοι

261 2427 306 2511 μὴ
321 2425 401 2492 κατὰ
416 2426 451 2492 τὸ
470 2426 550 2504 ελκός
563 2434 717 2495 τελεῖσθαι
733 2428 889 2510 ξυνίβαινε
895 2476 907 2509 ,
933 2434 978 2517 τῷ
993 2435 1050 2511 τῆς
1063 2430 1178 2505 ἐνδείας
1191 2431 1285 2519 βιαίῳ
1300 2436 1409 2503 ssim

260 2526 331 2596 τότε
346 2531 596 2616 τυραννουμένων
608 2528 799 2616 πραγμάτων
810 2533 862 2595 καλ
881 2527 979 2616 λόγων
996 2534 1047 2597 καλ
1063 2530 1296 2617 ἐγχειρημάτων.
1323 2534 1365 2599 δῶ

231 2632 320 2720 Βγιλρ
334 2633 426 2718 λίγειν
433 2680 444 2714 ,
472 2630 518 2701 ὅτι
537 2636 588 2700 καλ
603 2635 643 2699 τὰ
656 2634 802 2717 βασιλικά
817 2640 873 2717 τῆς
885 2632 994 2721 ἑορτῆς
1010 2636 1123 2718 ίκείνης
1141 2631 1319 2718 διαδήματά
1331 2660 1364 2701 τε

261 2738 313 2803 καλ
327 2733 553 2823 περιβλήματα,
573 2734 615 2813 ὡς
627 2739 676 2803 ini
690 2738 726 2803 τό
743 2741 893 2817 πλεῖστον,
910 2744 1030 2823 χρυσοῦ
1046 2738 1104 2820 μὲν
1118 2734 1198 2820 είχον
1213 2738 1270 2821 τὴν
1282 2763 1364 2825 φαν-

261 2841 373 2910 τασίαν
398 2841 450 2904 καλ
478 2842 577 2909 λίθων
607 2842 707 2925 δῆθεν
731 2833 964 2925 πολυτιμήτω·
998 2839 1040 2905 sti
1063 2839 1097 2907 δὶ
1119 2832 1159 2924 ἦν
1184 2842 1282 2908 ἐκεῖνα
1307 2842 1365 2923 μὲν

261 3078 318 3140 rei,
334 3090 441 3128 necesse
454 3072 531 3127 eiiam
546 3078 604 3128 erut
617 3073 738 3143 utrinque
752 3072 862 3143 spatium
879 3071 943 3125 sutis
962 3070 1072 3143 euplum
1089 3071 1205 3127 dieeuuis
1221 3079 1312 3144 peiere
1330 3073 1366 3127 ssi

261 3144 410 3207 sedendum,
422 3144 468 3195 ubi
478 3160 542 3213 opus
555 3144 671 3197 futurum
684 3150 769 3204 essen
787 3142 826 3194 its
837 3147 867 3194 ut
878 3142 968 3211 templi
981 3143 1081 3211 relique
1095 3161 1155 3212 pers
1167 3143 1301 3213 angustior
1313 3143 1366 3197 isn

260 3215 345 3277 foret,
363 3230 439 3295 quum
456 3220 487 3264 ut
499 3222 587 3281 puiset
600 3228 695 3281 cepere
708 3212 807 3265 verium
822 3211 948 3263 huminum
966 3210 1159 3265 multitudinem.
1194 3214 1295 3265 Temen
1308 3229 1365 3265 curu

261 3298 295 3339 ex
311 3284 427 3335 omnibus
441 3280 545 3350 templis
559 3280 652 3333 nullum
667 3286 750 3344 esset,
770 3279 839 3350 quod
855 3280 963 3333 msxirno
977 3280 1014 3333 iiii
1028 3287 1116 3349 posset
1128 3280 1307 3349 aequiperari,
1323 3280 1364 3333 sl-

261 3358 319 3405 tero
333 3352 382 3405 boc
394 3350 468 3403 velut
479 3349 632 3403 subsidiaria
645 3350 684 3402 uti
697 3366 804 3403 necesse
817 3350 902 3403 visum
912 3355 961 3402 est.
997 3350 1074 3418 (ΙΙΙ.)
1087 3351 1170 3402 Erunt
1181 3361 1264 3403 sutem
1277 3349 1306 3413 ii,
1318 3347 1365 3418 qui
1425 3354 1437 3373 ⁶

262 3420 354 3473 sediiin
373 3420 419 3472 illu
436 3419 600 3487 impereturis
618 3427 681 3471 tunc
701 3420 838 3481 tenebunt,
857 3418 1020 3487 cognomines
1033 3431 1061 3472 et
1078 3418 1141 3471 socii
1159 3420 1208 3471 δυο
1224 3420 1366 3487 imperetu-
1412 3455 1418 3470 .

260 3506 318 3553 res3
336 3490 396 3542 item
411 3496 466 3541 tres
478 3487 670 3557 imperatrices,
689 3488 761 3541 Anus
776 3495 804 3541 et
816 3488 892 3542 Irene
905 3490 1087 3541 Cuntseuzenu
1103 3505 1161 3541 curu
1180 3488 1236 3541 fiiis
1255 3487 1363 3541 Helene.

261 3558 337 3622 Quae
356 3574 412 3611 curu
434 3557 473 3609 its
493 3566 594 3620 essent,
611 3558 692 3627 primu
707 3564 734 3610 et
749 3556 874 3625 vigesimo
887 3557 952 3611 Maii
964 3558 1024 3620 dis,
1041 3559 1112 3610 circs
1125 3557 1248 3609 decimum
1267 3558 1367 3621 burum,

260 3628 406 3683 conscensis
419 3626 507 3681 sinim
520 3625 608 3696 equis,
627 3626 807 3691 innuerunt,
824 3644 881 3680 cum
894 3626 1067 3695 imperatoriis
1083 3627 1134 3679 illis
1148 3626 1303 3696 insignibus,
1318 3643 1367 3678 vs-

260 3714 322 3751 nere
341 3696 376 3748 sd
396 3696 527 3765 peistiuur.
562 3696 681 3765 Cumque
700 3695 737 3748 ibi
757 3694 791 3747 de
812 3712 882 3750 mure
900 3695 1055 3765 spectandus
1069 3714 1099 3749 ss
1112 3712 1145 3747 es
1163 3696 1217 3749 siun
1238 3704 1366 3765 suggestu

260 3764 448 3829 exhibuissent,
466 3781 524 3817 αισι
537 3762 741 3828 descenderunt,
758 3782 791 3817 ee
801 3780 889 3818 meuse
900 3766 1035 3834 apposite,
1051 3781 1141 3818 rursus
1156 3766 1183 3819 in
1195 3766 1308 3834 quinque
1322 3781 1367 3817 se·

260 3834 355 3889 dilibus
369 3834 516 3887 consedere.
552 3834 627 3903 (IV.)
645 3836 734 3889 Tanta
753 3850 829 3902 portu
843 3843 905 3887 bunc
922 3834 1059 3887 iebursbst
1075 3834 1164 3903 inopis
1180 3834 1319 3905 palatium,
1336 3838 1369 3886 ut

259 3904 288 3957 in
300 3902 416 3957 lancibus
427 3911 455 3957 et
470 3903 567 3973 poculis
580 3903 645 3957 nibil
659 3903 697 3956 ibi
710 3908 781 3956 esset
794 3903 866 3957 surei
877 3911 922 3957 eut
934 3902 1066 3971 κρατερὴ
1083 3904 1129 3955 sed
1143 3910 1251 3955 sannen
1264 3902 1369 3971 quidem

260 3972 397 4036 nonnulis,
414 3980 522 4026 uestem
535 3989 598 4027 reru
615 3972 700 4026 omnis
716 3971 807 4025 fictilis
825 3979 853 4025 et
867 3978 987 4025 testacea
1004 3979 1100 4028 essent.
1134 3973 1177 4025 Es
1190 3972 1231 4025 bis
1249 3971 1367 4041 quilibet,

261 4058 348 4097 eurum
365 4058 450 4095 rerum
465 4058 515 4095 uon
531 4042 619 4107 rudis,
637 4050 740 4095 caetere
758 4058 864 4111 queque
881 4041 987 4094 aliunde
1001 4040 1140 4111 requisitu,
1157 4059 1206 4095 neu
1221 4040 1260 4095 itu
1273 4049 1304 4093 ut
1320 4057 1367 4123 ρετ

261 4117 321 4163 erat
335 4112 453 4180 perfectu
470 4112 625 4181 (tyrsunieu
636 4110 732 4181 quippe
745 4110 891 4179 inopisesi
903 4112 930 4163 iu
942 4111 1037 4174 suetis,
1054 4110 1082 4163 in
1095 4110 1186 4175 dietis,
1203 4110 1232 4163 in
1246 4109 1369 4173 sensilis,

261 4186 316 4235 tum
330 4180 452 4251 temperis
469 4181 632 4251 dominante)
649 4180 726 4235 inuiis
739 4178 915 4235 inresectum
928 4186 979 4232 est.
1012 4180 1081 4233 Nun
1093 4179 1141 4233 ills
1159 4180 1263 4250 quiden
1279 4179 1368 4233 uisere

261 4248 368 4314 omitto,
384 4255 414 4303 ut
429 4256 457 4303 et
472 4250 573 4319 ipsein
589 4268 621 4304 es
641 4248 797 4303 solennitate
814 4248 960 4303 diedemate
978 4255 1006 4302 ei
1020 4248 1190 4312 vestimentu,
1206 4248 1317 4302 nuilus
1334 4262 1368 4299 ss

263 4326 353 4390 purte,
370 4318 427 4375 sud
441 4319 543 4393 quiden
556 4321 670 4393 specium
684 4318 851 4375 haberentet
865 4335 1019 4389 genuerim
1031 4318 1286 4391 pretiosissimum
1304 4332 1367 4371 uos-
