3067 4792
264 259 342 337 754
483 266 486 275 '
584 271 821 347 NICEPHORI
841 272 1084 344 GREGORAE

103 452 130 501 Δ.
143 448 176 501 ll.
189 440 425 504 6854διοικοῶσα
445 434 503 513 τάς
526 436 558 503 έν
572 434 678 514 ἀλλοις
696 433 918 525 ἡμαρτημένας
936 443 1040 518 αἰτίας
1063 450 1181 529 καιροῖς
1202 441 1236 508 έν
1259 437 1374 528 ἑτέροις

134 521 186 571 Μ
198 514 231 573 ¹4
266 546 417 627 λαμπρῶς
435 539 626 623 ἀποδίδωσι,
659 544 808 627 γεωργίας
825 545 1000 631 μιμουμένη
1024 543 1151 631 λόγους·
1177 543 1199 631 ἢ
1219 547 1271 611 καί
1291 545 1373 631 αὕτη

239 646 325 730 Gripo
342 649 405 710 τῶν
421 640 605 729 σπερμάτων
626 645 806 730 καταβολὴν
825 648 857 711 έν
880 646 986 725 ἀλλοις
1007 656 1047 734 τῇ
1066 655 1107 735 γῇ
1121 650 1288 733 ποιουμένη
1302 674 1372 714 και-

267 759 334 837 ροῖς
354 748 387 812 έν
408 743 522 835 ἑτέροις
548 754 646 839 τρυγζι
672 748 747 825 τοδς
768 746 917 835 καρποός.
961 750 1034 839 (B.)
1059 752 1124 819 Διά
1147 752 1186 836 δὴ
1205 758 1307 818 ταῦτα
1320 754 1374 817 καλ

244 867 248 885 ’
264 856 447 938 μνησθῆναι
461 854 535 934 μιῶς
549 875 632 927 τινος
652 849 869 939 ἀνεπιφθόνως
888 859 953 919 τῶν
966 856 1136 922 ἐπιστολῶν
1147 857 1395 939 litteratorie-5

266 961 339 1036 νοῦ,
364 954 535 1041 γενομένοις
555 950 630 1038 ἡμῖν
651 956 804 1023 ἐνταυθοῖ
819 963 877 1041 τῆς
891 956 1079 1043 διηγήσεως,
1099 958 1178 1045 πρὸς
1195 954 1375 1043 βουλήσεως
1440 942 1446 950 „

266 1060 397 1145 γίνεται·
424 1056 465 1123 αἱ*
476 1056 528 1122 διὰ
542 1064 634 1123 τοῦτο
649 1060 828 1145 σεσίγηνταί
837 1086 892 1144 μοι
904 1061 994 1149 μέχρι
1008 1068 1082 1144 νῦν,
1108 1064 1160 1127 καλ
1176 1068 1277 1127 ταῦτα
1294 1067 1373 1126 πολ-

267 1163 324 1228 λαί
344 1186 421 1237 τινες
436 1152 527 1227 orione
547 1164 598 1226 καὶ
615 1174 748 1247 συνεχεῖς
768 1162 802 1229 αἱ
820 1161 1011 1247 πεμπόμεναι
1035 1165 1114 1253 πρός
1136 1164 1235 1231 αὐτοῦ
1248 1167 1374 1245 Βυζαν-

265 1268 362 1346 τίοις,
386 1262 435 1329 δτι
457 1260 575 1348 πολλήν
599 1289 669 1330 τινα
698 1264 755 1349 τὴν
779 1263 961 1333 ἀπόπτωσιν
982 1264 1065 1352 εἶχον
1089 1270 1141 1333 καί
1160 1273 1373 1354 σμικροπρεπῆ

235 1378 338 1435 Dorou
359 1368 417 1453 τὴν
439 1364 657 1453 παράκλησιν·
690 1368 758 1445 έξδν
785 1368 1063 1459 διαγρηγορήσαντι
1090 1367 1416 1455 στρατηγικῶνερονλῦ

265 1469 382 1559 τρόπον
414 1471 638 1557 κραταιοτέραν
668 1468 865 1557 ποιήσασθαι
892 1476 943 1539 καλ
970 1474 1215 1559 σπουδαιοτέραν
1236 1472 1295 1556 τὴν
1315 1479 1372 1537 τοῦ

267 1575 387 1661 ἀγῶνος
402 1576 513 1660 κρίσιν,
539 1576 589 1639 καλ
605 1574 650 1659 μὴ
664 1571 767 1659 μάτην
781 1575 864 1641 ollam
877 1579 992 1662 τρίβειν
1008 1576 1064 1643 τὸν
1072 1574 1196 1663 χρόνον,
1214 1579 1265 1641 καλ
1277 1576 1374 1663 φθεί-

268 1704 331 1767 ρειν
346 1679 403 1763 μέν
419 1674 546 1758 ἑαυτὸν,
574 1682 713 1765 φθείρειν
729 1680 763 1744 δέ
776 1680 815 1744 τὰ
826 1676 985 1761 Ῥωμαίων
999 1680 1036 1745 οὗ
1052 1681 1123 1747 δέον
1135 1675 1313 1766 πράγματα,
1330 1674 1373 1755 ῶς

267 1784 320 1848 καί
328 1783 360 1858 ἐς
368 1778 443 1866 γόνυ
454 1779 588 1847 πεσόντα
596 1778 655 1866 ἤδη
667 1782 772 1865 μηκέτ’
788 1781 1041 1873 έλπιζεινρηδίως
1050 1784 1100 1848 ἐπὶ
1112 1788 1176 1849 τῶν
1190 1782 1373 1864 εἰθισμένων

171 1899 202 1953 Ρ.
209 1888 426 1973 473κρηπίδων
440 1880 594 1967 ἓστήξειν·
621 1882 699 1967 έχειν
712 1884 772 1971 γὰρ
790 1884 905 1967 αὐτὸν,
928 1886 1012 1973 είπερ
1029 1884 1193 1969 έβσόλιτο,
1217 1884 1295 1970 πρὸς
1313 1884 1416 1972 rip-15

264 1985 411 2073 χοιότερα
427 1985 485 2071 τὴν
495 1988 625 2071 μίμησιν
640 1986 804 2073 ἀναφέρειν
818 1995 881 2054 τῶν
895 1988 991 2075 έργων
998 2036 1009 2070 ,
1027 1986 1162 2067 Ἀλεξίου
1174 1995 1232 2055 τοῦ
1243 1992 1374 2073 Κομνη-

266 2098 322 2157 νοῶ
339 2090 459 2174 δηλαδὴ
485 2092 538 2155 καί
561 2096 625 2155 τῶν
648 2090 709 2178 πρὸ
734 2090 832 2157 αὐτοῦ
856 2082 915 2178 (ῶν
938 2090 959 2176 ἢ
979 2089 1090 2178 όξότης
1108 2092 1376 2193 εὖγερῶςΒυζαν-

265 2196 343 2271 πίοις
358 2193 509 2281 ἀφείλετο,
532 2190 752 2279 προσηκόντως
764 2191 979 2280 φυλάττεσθαι
993 2194 1051 2279 τὴν
1065 2201 1128 2261 τῶν
1141 2196 1294 2277 πολεμίων
1307 2196 1375 2258 ἐπί·

265 2323 354 2365 νοιαν
378 2298 429 2363 καί
450 2296 487 2362 τδ
511 2301 568 2380 τῆς
591 2293 706 2383 ἐφόδου
728 2294 836 2384 τάχος)
858 2300 909 2363 καὶ
930 2300 1028 2384 μυρία
1042 2299 1075 2363 έν
1095 2296 1203 2373 ἀλλοις
1218 2296 1299 2363 ἀλλο
1310 2303 1374 2362 τῶν

265 2424 300 2467 τε
314 2397 481 2487 ὄμοφόλων
499 2402 551 2465 καλ
566 2396 767 2487 ἀλλοφύλων,
792 2404 1024 2499 παραπλησίαις
1037 2402 1088 2465 καλ
1102 2402 1236 2484 μείζοσιν
1250 2401 1417 2473 loreto-20

263 2500 406 2589 χηκότων
420 2502 530 2569 ἄλλοτ’
549 2502 652 2581 ἄλλως
663 2502 766 2570 ἀλλων
776 2502 969 2591 περιστάσεσι
983 2505 1095 2587 βιαίων
1107 2505 1159 2568 καὶ
1170 2506 1383 2588 δυ’σανταγω-Ἰ

227 2591 487 2709 βνιστικωτέρων
504 2602 592 2689 μάλα
606 2605 806 2693 πραγμάτων.
849 2605 918 2700 (Γ.)
938 2606 1045 2691 Ὅμως
1065 2607 1128 2671 ἐπεὶ
1141 2616 1206 2680 τοῖς
1218 2612 1274 2689 τῆς
1293 2631 1372 2693 προ-

266 2707 556 2799 νοίαςάποῤῥήτοις
569 2706 711 2795 πελάγεσι
731 2710 767 2776 τό
789 2716 852 2776 τῶν
875 2707 1025 2777 τοιοότων
1050 2706 1149 2795 λόγων
1173 2706 1373 2795 έπαφήκαμεν

266 2812 404 2904 σκάφος,
432 2814 505 2914 φέρε
521 2810 761 2899 τὴνόπόσχεσιν
776 2813 957 2898 ἀποδῶμεν,
983 2819 1058 2898 μιᾶς
1068 2836 1153 2889 τινος
1164 2818 1228 2879 τῶν
1242 2816 1372 2879 Καντα-

265 3046 342 3101 m‘bua
357 3044 408 3099 alio
422 3050 539 3115 tempore
554 3043 671 3099 admieaie
688 3046 739 3100 alio
759 3044 899 3100 mercedem
920 3046 1028 3117 amplam
1042 3044 1179 3115 rependit3
1196 3044 1373 3115 agricultum

265 3132 360 3170 morem
373 3114 491 3180 imitata,
509 3133 577 3185 quae
591 3125 618 3169 et
631 3117 699 3185 ipra,
715 3115 766 3168 alio
778 3124 894 3186 tempore
906 3117 1033 3169 mandatio
1046 3124 1133 3168 terrae
1150 3114 1303 3180 aeminibua,
1320 3115 1372 3167 alio

266 3184 367 3253 colligit
378 3185 486 3243 fruetus.
512 3184 575 3252 (ΙΙ.)
587 3186 754 3256 Quapropter
765 3185 852 3238 bacin
863 3193 937 3256 parte
951 3186 1074 3238 historiae
1086 3184 1148 3238 libet
1160 3185 1281 3237 relectam
1296 3200 1371 3236 uuam
1482 3211 1486 3217 ·

266 3272 300 3308 ex
313 3254 488 3307 Cantaouaeni
501 3254 618 3321 epistolio
631 3256 697 3308 citra
709 3253 832 3307 invidiam
847 3255 978 3323 proferret
996 3272 1059 3323 quae
1071 3254 1131 3306 ideo
1143 3254 1266 3308 hactenue
1283 3252 1372 3303 omiti·

266 3340 321 3379 moe
340 3322 473 3392 (quamrie
490 3322 535 3375 ille
553 3323 644 3377 murltu
658 3332 686 3376 et
699 3324 835 3377 eontinuaa
851 3324 884 3375 ad
895 3324 1037 3393 Byzantios
1055 3323 1176 3391 uoluerit),
1194 3322 1255 3391 qnia
1268 3320 1370 3373 nimiam

265 3394 390 3464 quandum
409 3391 578 3445 humilitatem
597 3400 625 3445 et
642 3392 763 3463 indignae
776 3392 969 3446 obrectationee
982 3393 1163 3456 continebant3
1182 3389 1294 3443 rumille
1326 3407 1371 3441 oa-

266 3464 363 3545 aet‚·ei
381 3463 425 3529 (ut
435 3460 623 3545 imperatorem·
628 3461 731 3546 decuit)
749 3462 860 3532 vigilare
875 3462 983 3529 luiaeet,
994 3462 1089 3544 ‘maiori
1099 3460 1253 3514 strenuitate
1266 3477 1298 3513 eo
1308 3408 1372 3511 iiti-

265 3531 1372 3671 mammea-3133affignfflsstmfflgeofflffi

265 3670 409 3733 afflictare,
427 3678 455 3723 ut
469 3669 519 3723 iam
534 3670 560 3723 in
576 3686 660 3739 genua
673 3671 820 3740 prolapaum
831 3687 883 3723 non
896 3682 986 3739 eperet
1002 3670 1148 3723 inetiturum
1163 3688 1193 3722 ae
1205 3684 1315 3737 uuquam
1330 3667 1373 3719 fa·

264 3740 315 3795 uile
328 3740 458 3811 prioribue
471 3738 598 3809 veetigiie.
634 3740 725 3794 Potuit
740 3741 807 3793 enlm
818 3739 877 3802 ille,
894 3740 917 3793 ei
932 3738 1069 3802 voluisset,
1086 3740 1234 3808 antiquiora
1246 3735 1373 3806 quaedam

264 3810 315 3863 eibi
334 3809 368 3862 ad
386 3809 535 3864 imitandum
548 3810 793 3881 temptamenta,
807 3809 960 3863 Alexiinem
980 3827 995 3861 e
1010 3808 1149 3871 Comneni,
1166 3815 1310 3869 eteorum,
1326 3802 1375 3874 qui

263 3878 348 3948 lpeum
361 3886 526 3933 auteueaeere
542 3880 661 3949 (quorum
676 3878 745 3933 acria
757 3878 843 3931 virtue
856 3878 993 3948 Byzautria
1011 3876 1088 3930 facile
1102 3876 1261 3945 praeripuit,
1277 3892 1311 3927 ne
1325 3874 1374 3926 lto·

263 3948 340 4003 atium
357 3946 464 4002 ooneilia
480 3947 688 4018 celeritatemque
703 3948 877 4018 impreaeionia
894 3956 1038 4017 oppormne
1051 3944 1257 4015 praecaverent)
1273 3950 1301 3996 et
1312 3940 1374 3994 inn-

263 4018 321 4072 uita
335 4018 489 4086 diversaque
503 4024 555 4069 tam
569 4018 728 4088 popularium
746 4034 849 4071 enorum
869 4034 945 4099 quam
962 4024 1127 4070 externorum
1144 4014 1271 4065 bominum
1288 4028 1375 4064 exem-

282 4087 324 4151 la,
341 4086 388 4157 qui
401 4087 427 4139 in
446 4084 572 4139 rimilibua
595 4094 675 4155 etque
691 4086 767 4139 etiam
789 4086 818 4139 in
835 4086 974 4139 maioribue
992 4085 1153 4155 negotiorum
1171 4081 1374 4134 turbulentorum

263 4106 492 4225 itffidtiorumqne
510 4155 633 4209 moleatile
650 4155 714 4209 aliae
732 4155 810 4208 aliter
824 4154 923 4207 reruati
942 4160 1012 4207 eunt.
1046 4152 1123 4221 (ΠΙ.)
1141 4152 1237 4205 verum
1252 4150 1314 4220 quia
1329 4166 1373 4202 er·

263 4242 329 4281 oauo
344 4224 527 4280 Providentiae
537 4224 664 4295 profundo
679 4240 766 4277 earum
779 4240 866 4278 rerum
879 4241 972 4276 caueae
985 4231 1013 4277 et
1025 4222 1148 4286 rationes,
1162 4220 1244 4274 ueluti
1258 4219 1372 4301 cymbam

262 4297 389 4371 aliquam
407 4294 586 4368 perminimum
603 4312 662 4367 ege,
679 4293 832 4366 promimur
844 4293 1015 4359 absolvamur,
1033 4310 1066 4349 aa
1078 4308 1152 4348 uuam
1165 4308 1199 4346 ar
1214 4288 1374 4360 longioribus
