3067 4792
522 299 880 372 nunorfflortns
1162 289 1264 434 1888

115 467 154 522 nt
166 456 295 521 wolfius
313 477 372 540 per
392 457 619 540 incogitantiam
639 459 749 536 vertit,
777 457 927 541 trigesimo
951 477 1042 520 nono.
1083 455 1267 540 Ducangius,

8 575 17 590 ·
114 543 175 606 hac
194 543 295 605 Woiiii
317 545 565 626 interpretatione
589 545 754 626 deceptna,
791 563 902 605 annum
923 541 1006 604 huno
1028 547 1133 626 poenit
1153 545 1268 609 Christi

114 630 336 694 MCCCXXXI.
353 633 407 712 qni
421 631 481 693 fuit
495 651 591 694 onnus
604 629 847 692 mcccxxvfl..
877 648 996 691 norrrn.

203 734 275 814 Peg.
297 730 380 807 886,
404 734 453 797 10.
501 735 570 794 Τοῖν
591 733 690 796 θείων
709 725 856 806 εἰκόνων]
887 731 981 792 Istius
1004 730 1207 812 processionis
1227 731 1268 794 ad

113 815 287 887 columnam
308 813 554 898 Porphyretioam
574 815 600 881 1.
626 818 675 879 die
698 816 884 897 Septembris
913 815 1048 877 meminit
1072 817 1205 878 Codinna
1228 819 1268 880 da

114 901 176 967 Off.
201 921 270 981 cap.
288 901 355 964 XV.
377 923 409 963 n.
431 907 461 968 1.
492 902 570 963 vida
597 913 684 965 notas
703 902 743 964 ed
756 901 933 963 Alexiodem
953 921 1023 983 pag.
1040 907 1113 969 ³82
1135 912 1167 963 et
1187 905 1267 965 Con-

112 988 279 1069 stantinop.
292 985 402 1052 Christ.
415 987 470 1049 lib.
483 987 509 1050 1.
524 996 598 1051 rect.
614 989 666 1056 24.
683 1007 713 1048 n.
729 992 759 1054 6.
775 987 830 1048 ubi
842 985 926 1048 haud
944 1007 1041 1067 penca
1062 987 1100 1048 de
1118 985 1177 1047 hac
1191 987 1266 1050 Por·

111 1070 274 1154 physetica
288 1074 437 1149 columne,
459 1094 496 1134 eo
511 1091 602 1134 cruce
619 1074 668 1133 iili
679 1073 832 1154 imposita,
853 1081 884 1134 et
901 1071 1119 1153 Byzantiorum
1133 1073 1172 1135 nd
1186 1073 1266 1135 hanc

111 1160 281 1245 θρησκείᾳ,
303 1179 358 1220 seu
374 1157 530 1238 religione,
544 1160 758 1238 congessimus.
802 1177 931 1219 uncino.

201 1261 274 1340 Pog.
296 1264 375 1337 890,
399 1266 435 1326 1.·
473 1260 515 1324 Oi
539 1260 611 1346 περὶ
640 1257 696 1325 cdv
723 1257 850 1342 βασιλέα
874 1255 929 1323 riv
951 1255 1024 1322 νέον
1051 1251 1264 1342 Ἀνδρόνικον]

110 1341 183 1404 Non
202 1364 294 1405 susus
313 1345 415 1407 dicero
433 1339 643 1429 Ἀνδρόνικος,
665 1346 744 1408 dixit
757 1346 792 1410 oi
801 1343 873 1428 oripi
885 1341 938 1410 τὸν
952 1338 1158 1428 Ἀνδρόνικον,
1181 1345 1265 1428 quod
1379 1421 1382 1428 Ι

110 1429 227 1512 reipsa
240 1431 322 1492 idem
338 1441 394 1493 eat.
435 1449 555 1494 romu.

199 1532 271 1612 Peg.
293 1536 374 1610 890,
396 1535 428 1598 9.
470 1525 652 1615 Μνχᾶηλον]
675 1533 879 1612 cognomento
893 1530 1127 1612 Stroscimirum
1141 1530 1180 1594 de
1201 1551 1265 1613 quo

110 1611 146 1674 in
162 1615 241 1676 serie
256 1616 413 1695 Bnlgoriee
430 1638 535 1697 regum
549 1619 664 1698 egimus
680 1638 750 1699 pag.
765 1623 839 1688 823.
879 1637 1012 1680 uncino.

199 1721 275 1799 Peg.
297 1724 377 1796 890,
399 1725 449 1788 18.
491 1717 552 1784 Arri
566 1717 602 1785 ro*
620 1719 730 1785 νεωστὶ
748 1716 948 1804 γεγενημένον
963 1717 1033 1800 nepi
1047 1713 1105 1799 niv
1117 1721 1176 1782 rosi
1189 1717 1264 1782 Ket-

111 1820 206 1881 σαρος
221 1804 376 1888 θυγατέρα
396 1803 510 1885 κῆδος]
533 1803 659 1884 Propter
680 1804 880 1890 οβῑοίνονενν,
902 1824 993 1887 quom
1018 1825 1086 1864 cum
1107 1824 1140 1864 eo
1163 1799 1265 1864 Grnlu

111 1901 327 1962 contraxerat,
348 1886 439 1951 ducto
456 1911 553 1950 uxore
568 1887 648 1973 filio
666 1887 812 1952 Caesarie.
849 1889 895 1948 its
915 1887 1112 1962 vertendum
1135 1907 1213 1960 non,
1228 1896 1266 1948 ut

109 1969 254 2047 Wolfins,
271 1988 394 2056 propter
414 1996 513 2034 recem
531 1989 718 2036 contrectans
739 1996 807 2035 cnm
818 1969 895 2056 fllia
918 1969 1060 2036 onerario
1072 1970 1265 2057 affinitatem.

108 2055 186 2116 Nem
207 2058 260 2135 qui
276 2078 405 2118 uxorem
422 2057 523 2134 ducit,
543 2059 571 2118 ir
590 2079 652 2119 non
672 2058 785 2120 dicitnr
800 2057 977 2118 affinitatem
996 2077 1065 2118 cnm
1081 2077 1178 2119 uxore
1192 2077 1265 2117 con-

109 2138 247 2218 trahere,
268 2143 322 2204 red
340 2162 410 2204 cum
424 2143 530 2204 uxoris
547 2145 724 2224 parentibus
744 2153 776 2206 et
794 2144 939 2223 cognatis.
980 2163 1098 2204 norrun.

196 2246 273 2395 ἕως.
293 2247 374 2321 890,
396 2249 447 2312 16.
486 2237 702 2335 Ἐπ’ἆδολφῇ]
723 2243 892 2308 Theodorei.
912 2244 991 2307 Vide
1002 2242 1263 2326 lib.v111.cap.1.

109 2335 185 2389 mi.
219 2375 228 2392 .
267 2349 386 2394 norm.

198 2417 270 2496 Pog-
291 2418 369 2492 891,
390 2411 424 2480 4.
464 2409 596 2495 Ἀδιλφοί
614 2413 650 2479 di
666 2407 709 2495 ἦν
726 2409 823 2497 αὕτη]
844 2413 949 2492 Nede,
971 2433 1049 2496 quaa
1072 2412 1139 2474 eliis
1159 2410 1264 2473 Domi·

108 2496 194 2574 nica,
215 2499 317 2560 Urosii
335 2501 415 2580 regis
431 2501 553 2562 Serviae
574 2499 646 2571 iilia,
668 2499 816 2582 stephani
831 2502 912 2582 regis
930 2520 1041 2564 soron·
1058 2497 1139 2560 Vide
1153 2497 1265 2561 scriem

107 2603 216 2664 regnos
235 2585 359 2646 serviae
376 2607 410 2648 n.
423 2585 476 2654 69.
492 2595 524 2647 et
538 2589 590 2652 61.
630 2606 765 2648 nucero.

199 2671 273 2752 Peg.
296 2675 377 2747 898,
400 2676 452 2738 17.
495 2672 633 2734 Alcanor
644 2665 732 2754 scripse
745 2695 775 2736 or.
785 2692 811 2734 ν.
822 2666 868 2756 1.]
885 2668 991 2731 David.
998 2667 1108 2732 Postu
1119 2663 1263 2730 xxxiv.

108 2775 145 2818 v.
161 2760 191 2820 1.
218 2756 325 2818 Psalm.
338 2755 442 2817 cvm.
457 2775 488 2820 ν.
501 2760 553 2823 98.
575 2755 645 2818 lsai.
667 2777 695 2816 c.
708 2755 732 2820 l
747 2777 778 2817 v·
792 2760 824 2820 2.
865 2775 981 2817 rorvrn.

197 2844 273 2924 ch.
294 2842 376 2919 894,
399 2847 449 2907 12.
495 2837 769 2925 iiiviipoiimoov]
792 2839 995 2918 Simonidem,
1007 2834 1175 2899 Andronici
1188 2833 1262 2916 imp.

109 2946 151 2987 ex
165 2925 251 2988 hene
266 2927 360 2988 nitere
377 2930 505 3006 coniuge
517 2925 619 3004 iiiiem,
641 2947 720 3008 quea
729 2946 801 2987 cum
816 2923 856 2985 ad
864 2925 966 2986 irenes
980 2922 1086 2985 matris
1103 2922 1262 3000 anagnina

13 3039 18 3044 ’
109 3012 402 3093 contantinopolim
415 3013 556 3091 venisset,
576 3013 623 3074 uti
637 3020 741 3074 namet
753 3013 904 3090 Gregorns
919 3011 972 3076 lib.
984 3009 1049 3072 vlt.
1065 3027 1132 3088 cop.
1147 3012 1209 3084 80,
1223 3005 1263 3066 sd

110 3097 269 3176 coniugem
283 3097 383 3160 redire
397 3108 550 3175 renueret,
571 3119 665 3180 aquo
680 3119 751 3159 cnm
766 3117 823 3180 per
842 3096 957 3174 legator
976 3117 995 3158 s
1010 3103 1098 3178 patro
1111 3102 1264 3174 repetere-

107 3191 179 3260 tur,
199 3183 314 3264 illeque
330 3204 370 3244 ne
387 3185 426 3245 sd
439 3183 572 3246 reditum
588 3193 748 3265 cogeretur
761 3181 973 3244 monachicum
992 3180 1128 3242 habitum
1146 3178 1264 3238 induis-

108 3278 171 3340 set,
192 3267 273 3328 iliius
289 3269 384 3330 freter
406 3269 647 3349 consanguineus
663 3269 879 3330 Comuntinns
894 3267 1025 3349 Despota
1045 3267 1180 3327 incereto
1198 3264 1263 3324 eins

109 3354 235 3414 cucullo
249 3355 375 3415 inritam
389 3365 420 3416 et
437 3355 607 3436 plorantem
625 3354 665 3416 ad
678 3355 839 3436 coniugem
859 3353 1024 3416 remiserat.
1050 3349 1135 3414 Idem
1150 3349 1264 3428 Grego-

108 3459 162 3502 rsr
175 3439 230 3500 lib.
243 3439 324 3502 viii.
340 3461 410 3522 esp.
424 3445 453 3506 1.
494 3461 625 3503 oncino.
863 3495 874 3513 .

197 3529 271 3606 Png.
295 3525 373 3604 895,
396 3530 427 3591 8.
445 3549 450 3560 ’
465 3519 528 3588 Ἔν
540 3531 597 3591 rori
615 3518 724 3608 Kpdisr
738 3521 889 3609 Σερβίος]
911 3522 960 3584 dd
970 3543 1060 3603 quem
1075 3521 1184 3584 missus
1193 3519 1264 3580 cal-

106 3608 222 3672 linicus
241 3611 358 3691 legatur
374 3610 412 3672 ab
435 3609 613 3675 Andronico
637 3612 767 3674 iuniore.
803 3610 1003 3672 emtarum.
1023 3607 1121 3671 lini
1146 3627 1212 3689 sep.
1229 3610 1263 3673 8.

106 3715 240 3757 uncino.

196 3786 270 3926 Pug·
295 3781 374 3857 ⁸95,
397 3784 429 3848 8.
461 3775 556 3847 ’Ὅσον
571 3779 624 3848 int
643 3776 757 3866 giorno
775 3778 959 3865 γραφεῖσαι]
983 3779 1066 3840 Duas
1088 3775 1264 3840 chartarum

107 3867 226 3948 species
261 3865 290 3927 ic
309 3877 447 3928 recenset
466 3867 633 3948 Gregorio,
655 3870 779 3929 niteram
796 3886 888 3947 qnsm
905 3863 1040 3927 chorram
1059 3872 1166 3941 vocet,
1189 3863 1264 3924 olte-

106 3971 278 4034 remquam
292 3971 331 4014 ex
344 3952 429 4014 tenni
446 3953 544 4015 linteo
561 3954 732 4016 confectam
748 3951 864 4016 scribit.
897 3951 1000 4013 Priore
1015 3969 1092 4011 voce
1110 3966 1264 4032 papyrum

105 4036 326 4120 Aegyptiarum
349 4037 474 4100 ridetur
492 4041 636 4120 innuere,
665 4059 755 4122 quom
782 4037 891 4100 Graeci
913 4036 1097 4098 recentiores
1118 4026 1264 4114 ξολοχόο-

106 4145 176 4188 τιον
193 4122 357 4186 vocrbeut:
382 4125 476 4185 alters
495 4123 632 4186 chartam
654 4145 694 4186 ex
712 4124 809 4185 linteo
833 4122 990 4203 conceptis
1010 4133 1039 4182 et
1062 4119 1198 4182 contusis
1211 4138 1264 4198 pe·

105 4219 223 4286 ratam,
245 4227 337 4289 quam
349 4203 489 4291 χόοτινον
501 4207 617 4296 χάρτην
630 4211 749 4275 dimini.
772 4209 852 4274 vide
865 4209 965 4272 Glorn.
986 4207 1066 4270 med.
1083 4203 1215 4267 Graecit.
1230 4201 1264 4262 in

105 4291 312 4360 hisrocibns.
354 4315 486 4365 oncsso.
