<?xml version="1.0" encoding="UTF-8"?>
<!DOCTYPE html PUBLIC "-//W3C//DTD XHTML 1.0 Transitional//EN"
    "http://www.w3.org/TR/xhtml1/DTD/xhtml1-transitional.dtd">
<html xmlns="http://www.w3.org/1999/xhtml" xml:lang="en" lang="en">
 <head>
  <title>
</title>
<meta http-equiv="Content-Type" content="text/html;charset=utf-8" />
  <meta name='ocr-system' content='tesseract 3.04.00' />
  <meta name='ocr-capabilities' content='ocr_page ocr_carea ocr_par ocr_line ocrx_word'/>
</head>
<body>
  <div class='ocr_page' id='page_1' title='image "./corpusscriptoru38theogoog/corpusscriptoru38theogoog_0615.png"; bbox 0 0 3067 4792; ppageno 0'>
   <div class='ocr_carea' id='block_1_1' title="bbox 120 282 1267 531">
    <p class='ocr_par' dir='ltr' id='par_1_1' title="bbox 120 282 1267 531">
     <span class='ocr_line' id='line_1_1' title="bbox 512 282 1265 368; baseline -0.016 -2"><span class='ocrx_word' id='word_1_1' title='bbox 512 287 878 368; x_wconf 75' lang='lat' dir='ltr'><strong>ANNOTATIONES.</strong></span> <span class='ocrx_word' id='word_1_2' title='bbox 1083 354 1087 360; x_wconf 82' lang='grc'><strong>,</strong></span> <span class='ocrx_word' id='word_1_3' title='bbox 1166 282 1265 356; x_wconf 79' lang='grc'><strong>1177</strong></span> 
     </span>
     <span class='ocr_line' id='line_1_2' title="bbox 120 390 1267 531; baseline 0 -21"><span class='ocrx_word' id='word_1_4' title='bbox 120 451 195 528; x_wconf 74' lang='lat' dir='ltr'><strong>ling.</strong></span> <span class='ocrx_word' id='word_1_5' title='bbox 210 445 328 518; x_wconf 70' lang='lat' dir='ltr'><strong>sose*-</strong></span> <span class='ocrx_word' id='word_1_6' title='bbox 350 446 444 517; x_wconf 74' lang='grc'><strong>3601.</strong></span> <span class='ocrx_word' id='word_1_7' title='bbox 460 458 519 510; x_wconf 85' lang='lat' dir='ltr'><strong>sto.</strong></span> <span class='ocrx_word' id='word_1_8' title='bbox 543 450 579 510; x_wconf 80' lang='lat' dir='ltr'><strong>ln</strong></span> <span class='ocrx_word' id='word_1_9' title='bbox 595 450 708 512; x_wconf 82' lang='lat' dir='ltr'><strong>Codice</strong></span> <span class='ocrx_word' id='word_1_10' title='bbox 724 449 841 518; x_wconf 73' lang='lat'><strong>26252.</strong></span> <span class='ocrx_word' id='word_1_11' title='bbox 860 390 1003 520; x_wconf 66' lang='grc'><strong>101280.</strong></span> <span class='ocrx_word' id='word_1_12' title='bbox 1015 448 1054 510; x_wconf 87' lang='lat' dir='ltr'><strong>V.</strong></span> <span class='ocrx_word' id='word_1_13' title='bbox 1066 457 1181 531; x_wconf 79' lang='lat' dir='ltr'><strong>septem</strong></span> <span class='ocrx_word' id='word_1_14' title='bbox 1195 450 1267 511; x_wconf 85' lang='lat' dir='ltr'><strong>anni</strong></span> 
     </span>
    </p>
   </div>
   <div class='ocr_carea' id='block_1_2' title="bbox 122 527 1384 2717">
    <p class='ocr_par' dir='ltr' id='par_1_2' title="bbox 122 527 853 617">
     <span class='ocr_line' id='line_1_3' title="bbox 122 527 853 617; baseline -0.003 -21"><span class='ocrx_word' id='word_1_15' title='bbox 122 544 240 596; x_wconf 87' lang='lat' dir='ltr'><strong>tantum</strong></span> <span class='ocrx_word' id='word_1_16' title='bbox 258 535 284 598; x_wconf 93' lang='lat' dir='ltr'><strong>ei</strong></span> <span class='ocrx_word' id='word_1_17' title='bbox 301 531 492 617; x_wconf 76' lang='lat' dir='ltr'><strong>patriarchae</strong></span> <span class='ocrx_word' id='word_1_18' title='bbox 508 527 693 598; x_wconf 82' lang='lat' dir='ltr'><strong>tribuuntur.</strong></span> <span class='ocrx_word' id='word_1_19' title='bbox 736 555 853 596; x_wconf 78' lang='lat' dir='ltr'><strong>aorasia.</strong></span> 
     </span>
    </p>

    <p class='ocr_par' dir='ltr' id='par_1_3' title="bbox 122 615 1271 1128">
     <span class='ocr_line' id='line_1_4' title="bbox 210 615 1268 700; baseline -0.007 -13"><span class='ocrx_word' id='word_1_20' title='bbox 210 625 282 700; x_wconf 77' lang='lat' dir='ltr'><strong>Pug·</strong></span> <span class='ocrx_word' id='word_1_21' title='bbox 307 625 376 694; x_wconf 90' lang='grc'><strong>130,</strong></span> <span class='ocrx_word' id='word_1_22' title='bbox 399 624 429 685; x_wconf 85' lang='grc'><strong>9.</strong></span> <span class='ocrx_word' id='word_1_23' title='bbox 478 615 539 683; x_wconf 86' lang='grc' dir='ltr'><strong>Τόν</strong></span> <span class='ocrx_word' id='word_1_24' title='bbox 555 644 587 682; x_wconf 82' lang='grc' dir='ltr'><strong>τε</strong></span> <span class='ocrx_word' id='word_1_25' title='bbox 606 615 857 700; x_wconf 74' lang='grc' dir='ltr'><strong><em>Μελιτηνιτᾶτην]</em></strong></span> <span class='ocrx_word' id='word_1_26' title='bbox 880 620 979 694; x_wconf 87' lang='lat' dir='ltr'><strong>Quem</strong></span> <span class='ocrx_word' id='word_1_27' title='bbox 994 639 1063 680; x_wconf 90' lang='lat' dir='ltr'><strong>cum</strong></span> <span class='ocrx_word' id='word_1_28' title='bbox 1077 619 1178 680; x_wconf 88' lang='lat' dir='ltr'><strong>Vscco</strong></span> <span class='ocrx_word' id='word_1_29' title='bbox 1190 618 1268 699; x_wconf 85' lang='lat' dir='ltr'><strong>lega-</strong></span> 
     </span>
     <span class='ocr_line' id='line_1_5' title="bbox 122 705 1268 784; baseline 0.003 -20"><span class='ocrx_word' id='word_1_30' title='bbox 122 714 190 765; x_wconf 90' lang='lat' dir='ltr'><strong>tum</strong></span> <span class='ocrx_word' id='word_1_31' title='bbox 206 715 291 765; x_wconf 85' lang='lat' dir='ltr'><strong>anteo</strong></span> <span class='ocrx_word' id='word_1_32' title='bbox 306 707 428 764; x_wconf 85' lang='lat' dir='ltr'><strong>miserat</strong></span> <span class='ocrx_word' id='word_1_33' title='bbox 444 706 481 764; x_wconf 84' lang='lat' dir='ltr'><strong>ad</strong></span> <span class='ocrx_word' id='word_1_34' title='bbox 496 707 526 764; x_wconf 87' lang='lat' dir='ltr'><strong>S.</strong></span> <span class='ocrx_word' id='word_1_35' title='bbox 542 705 728 766; x_wconf 79' lang='lat' dir='ltr'><strong>Ludovicusn</strong></span> <span class='ocrx_word' id='word_1_36' title='bbox 748 706 892 767; x_wconf 84' lang='lat' dir='ltr'><strong>Franciae</strong></span> <span class='ocrx_word' id='word_1_37' title='bbox 913 725 1029 782; x_wconf 82' lang='lat' dir='ltr'><strong>regom,</strong></span> <span class='ocrx_word' id='word_1_38' title='bbox 1053 725 1114 784; x_wconf 85' lang='lat' dir='ltr'><strong>quo</strong></span> <span class='ocrx_word' id='word_1_39' title='bbox 1128 706 1268 768; x_wconf 86' lang='lat' dir='ltr'><strong>Carolum</strong></span> 
     </span>
     <span class='ocr_line' id='line_1_6' title="bbox 123 788 1267 871; baseline 0 -21"><span class='ocrx_word' id='word_1_40' title='bbox 123 789 249 851; x_wconf 81' lang='lat' dir='ltr'><strong>fratrem</strong></span> <span class='ocrx_word' id='word_1_41' title='bbox 263 813 279 850; x_wconf 88' lang='lat' dir='ltr'><strong>a</strong></span> <span class='ocrx_word' id='word_1_42' title='bbox 295 791 426 850; x_wconf 83' lang='lat' dir='ltr'><strong>corisiliis</strong></span> <span class='ocrx_word' id='word_1_43' title='bbox 441 801 608 868; x_wconf 80' lang='lat' dir='ltr'><strong>averteret3</strong></span> <span class='ocrx_word' id='word_1_44' title='bbox 628 802 663 851; x_wconf 86' lang='lat' dir='ltr'><strong>ut</strong></span> <span class='ocrx_word' id='word_1_45' title='bbox 683 799 852 850; x_wconf 86' lang='lat' dir='ltr'><strong>auctorest</strong></span> <span class='ocrx_word' id='word_1_46' title='bbox 872 788 1070 869; x_wconf 85' lang='lat' dir='ltr'><strong>Pachymerss</strong></span> <span class='ocrx_word' id='word_1_47' title='bbox 1081 790 1136 850; x_wconf 92' lang='lat' dir='ltr'><strong>lib.</strong></span> <span class='ocrx_word' id='word_1_48' title='bbox 1151 789 1185 850; x_wconf 88' lang='lat' dir='ltr'><strong>V.</strong></span> <span class='ocrx_word' id='word_1_49' title='bbox 1201 811 1267 871; x_wconf 91' lang='lat' dir='ltr'><strong>cap.</strong></span> 
     </span>
     <span class='ocr_line' id='line_1_7' title="bbox 123 874 1270 955; baseline 0.003 -21"><span class='ocrx_word' id='word_1_50' title='bbox 123 875 178 934; x_wconf 83' lang='lat' dir='ltr'><strong>IX.</strong></span> <span class='ocrx_word' id='word_1_51' title='bbox 202 895 289 954; x_wconf 88' lang='lat' dir='ltr'><strong>quam</strong></span> <span class='ocrx_word' id='word_1_52' title='bbox 314 874 434 953; x_wconf 86' lang='lat' dir='ltr'><strong>quidem</strong></span> <span class='ocrx_word' id='word_1_53' title='bbox 459 875 664 950; x_wconf 86' lang='lat' dir='ltr'><strong>Ludovicum,</strong></span> <span class='ocrx_word' id='word_1_54' title='bbox 692 885 728 935; x_wconf 90' lang='lat' dir='ltr'><strong>ut</strong></span> <span class='ocrx_word' id='word_1_55' title='bbox 748 874 808 934; x_wconf 89' lang='lat' dir='ltr'><strong>hoc</strong></span> <span class='ocrx_word' id='word_1_56' title='bbox 829 874 927 936; x_wconf 86' lang='lat' dir='ltr'><strong>obiter</strong></span> <span class='ocrx_word' id='word_1_57' title='bbox 953 876 1114 952; x_wconf 75' lang='lat' dir='ltr'><strong>oduntem,</strong></span> <span class='ocrx_word' id='word_1_58' title='bbox 1148 879 1270 955; x_wconf 76' lang='grc' dir='ltr'><strong><em>πρῶτον</em></strong></span> 
     </span>
     <span class='ocr_line' id='line_1_8' title="bbox 124 955 1271 1042; baseline -0.001 -19"><span class='ocrx_word' id='word_1_59' title='bbox 124 956 200 1023; x_wconf 79' lang='grc' dir='ltr'><strong><em>ὄντα</em></strong></span> <span class='ocrx_word' id='word_1_60' title='bbox 221 960 273 1022; x_wconf 77' lang='grc' dir='ltr'><strong>καὶ</strong></span> <span class='ocrx_word' id='word_1_61' title='bbox 294 961 372 1041; x_wconf 76' lang='grc' dir='ltr'><strong>ρῆγα</strong></span> <span class='ocrx_word' id='word_1_62' title='bbox 385 959 579 1042; x_wconf 73' lang='grc' dir='ltr'><em>τετιμημένον</em></span> <span class='ocrx_word' id='word_1_63' title='bbox 596 955 747 1042; x_wconf 74' lang='grc' dir='ltr'><strong>ἀρχῆθεν,</strong></span> <span class='ocrx_word' id='word_1_64' title='bbox 769 957 822 1022; x_wconf 79' lang='lat' dir='ltr'><strong>saal</strong></span> <span class='ocrx_word' id='word_1_65' title='bbox 843 959 895 1022; x_wconf 78' lang='grc' dir='ltr'><strong>ἐπὶ</strong></span> <span class='ocrx_word' id='word_1_66' title='bbox 909 956 1109 1041; x_wconf 75' lang='grc' dir='ltr'><strong>μεγαλειότητι</strong></span> <span class='ocrx_word' id='word_1_67' title='bbox 1132 958 1271 1034; x_wconf 76' lang='grc' dir='ltr'><strong>ἐξουσίας</strong></span> 
     </span>
     <span class='ocr_line' id='line_1_9' title="bbox 123 1038 1172 1128; baseline -0.001 -22"><span class='ocrx_word' id='word_1_68' title='bbox 123 1038 312 1125; x_wconf 71' lang='grc' dir='ltr'><strong><em>τιμώμενον,</em></strong></span> <span class='ocrx_word' id='word_1_69' title='bbox 333 1041 410 1126; x_wconf 75' lang='grc' dir='ltr'><strong>πράς</strong></span> <span class='ocrx_word' id='word_1_70' title='bbox 424 1041 456 1106; x_wconf 82' lang='lat' dir='ltr'><strong>dl</strong></span> <span class='ocrx_word' id='word_1_71' title='bbox 469 1044 521 1108; x_wconf 77' lang='grc' dir='ltr'><strong>καὶ</strong></span> <span class='ocrx_word' id='word_1_72' title='bbox 535 1042 607 1118; x_wconf 75' lang='lat' dir='ltr'><strong>eosic</strong></span> <span class='ocrx_word' id='word_1_73' title='bbox 616 1045 747 1128; x_wconf 78' lang='grc' dir='ltr'><strong><em>τρόπους</em></strong></span> <span class='ocrx_word' id='word_1_74' title='bbox 761 1038 875 1121; x_wconf 67' lang='lat' dir='ltr'><strong>siem,</strong></span> <span class='ocrx_word' id='word_1_75' title='bbox 897 1057 996 1106; x_wconf 86' lang='lat' dir='ltr'><strong>vocat.</strong></span> <span class='ocrx_word' id='word_1_76' title='bbox 1037 1065 1172 1105; x_wconf 72' lang='lat' dir='ltr'><strong>onoma.</strong></span> 
     </span>
    </p>

    <p class='ocr_par' dir='ltr' id='par_1_4' title="bbox 125 1124 1272 1530">
     <span class='ocr_line' id='line_1_10' title="bbox 215 1124 1271 1211; baseline -0.003 -14"><span class='ocrx_word' id='word_1_77' title='bbox 215 1131 286 1210; x_wconf 74' lang='lat' dir='ltr'><strong>Pug.</strong></span> <span class='ocrx_word' id='word_1_78' title='bbox 312 1135 384 1205; x_wconf 86' lang='lat'><strong>130,</strong></span> <span class='ocrx_word' id='word_1_79' title='bbox 408 1133 457 1195; x_wconf 87' lang='grc'><strong>11.</strong></span> <span class='ocrx_word' id='word_1_80' title='bbox 500 1134 531 1192; x_wconf 90' lang='grc' dir='ltr'><strong><em>Γ</em></strong></span> <span class='ocrx_word' id='word_1_81' title='bbox 526 1126 651 1211; x_wconf 73' lang='grc' dir='ltr'><strong><em>εοῖργιον</em></strong></span> <span class='ocrx_word' id='word_1_82' title='bbox 676 1129 709 1192; x_wconf 79' lang='grc' dir='ltr'><strong>ἐκ</strong></span> <span class='ocrx_word' id='word_1_83' title='bbox 732 1124 880 1209; x_wconf 71' lang='grc' dir='ltr'><strong><em>Κύπρου]</em></strong></span> <span class='ocrx_word' id='word_1_84' title='bbox 914 1130 1063 1208; x_wconf 76' lang='lat' dir='ltr'><strong>liignitsta</strong></span> <span class='ocrx_word' id='word_1_85' title='bbox 1085 1133 1271 1208; x_wconf 82' lang='grc' dir='ltr'><strong><em>Πρωτοαπο·</em></strong></span> 
     </span>
     <span class='ocr_line' id='line_1_11' title="bbox 126 1207 1271 1294; baseline -0.001 -19"><span class='ocrx_word' id='word_1_86' title='bbox 126 1207 302 1294; x_wconf 66' lang='lat' dir='ltr'><strong>metipsos,</strong></span> <span class='ocrx_word' id='word_1_87' title='bbox 330 1225 365 1274; x_wconf 90' lang='lat' dir='ltr'><strong>ut</strong></span> <span class='ocrx_word' id='word_1_88' title='bbox 388 1223 433 1274; x_wconf 92' lang='lat' dir='ltr'><strong>est</strong></span> <span class='ocrx_word' id='word_1_89' title='bbox 451 1215 532 1294; x_wconf 85' lang='lat' dir='ltr'><strong>apud</strong></span> <span class='ocrx_word' id='word_1_90' title='bbox 559 1214 773 1294; x_wconf 83' lang='lat' dir='ltr'><strong>Pachymerem</strong></span> <span class='ocrx_word' id='word_1_91' title='bbox 796 1213 852 1276; x_wconf 90' lang='lat' dir='ltr'><strong>lib.</strong></span> <span class='ocrx_word' id='word_1_92' title='bbox 871 1213 908 1275; x_wconf 88' lang='lat' dir='ltr'><strong>V.</strong></span> <span class='ocrx_word' id='word_1_93' title='bbox 929 1234 995 1294; x_wconf 89' lang='lat' dir='ltr'><strong>cap.</strong></span> <span class='ocrx_word' id='word_1_94' title='bbox 1014 1211 1085 1274; x_wconf 86' lang='lat' dir='ltr'><strong>XII.</strong></span> <span class='ocrx_word' id='word_1_95' title='bbox 1109 1214 1212 1276; x_wconf 79' lang='lat' dir='ltr'><strong>XXII.</strong></span> <span class='ocrx_word' id='word_1_96' title='bbox 1235 1235 1271 1274; x_wconf 89' lang='lat' dir='ltr'><strong>ao</strong></span> 
     </span>
     <span class='ocr_line' id='line_1_12' title="bbox 126 1297 1272 1379; baseline 0.003 -22"><span class='ocrx_word' id='word_1_97' title='bbox 126 1297 240 1358; x_wconf 87' lang='lat' dir='ltr'><strong>deindo</strong></span> <span class='ocrx_word' id='word_1_98' title='bbox 262 1298 465 1379; x_wconf 82' lang='lat' dir='ltr'><strong>patriarcham</strong></span> <span class='ocrx_word' id='word_1_99' title='bbox 486 1299 850 1379; x_wconf 75' lang='lat' dir='ltr'><strong>constantinopolitanum</strong></span> <span class='ocrx_word' id='word_1_100' title='bbox 874 1299 1023 1365; x_wconf 81' lang='lat' dir='ltr'><strong>effectum.</strong></span> <span class='ocrx_word' id='word_1_101' title='bbox 1064 1299 1108 1359; x_wconf 85' lang='lat' dir='ltr'><strong>Its</strong></span> <span class='ocrx_word' id='word_1_102' title='bbox 1132 1301 1209 1359; x_wconf 84' lang='lat' dir='ltr'><strong>alter</strong></span> <span class='ocrx_word' id='word_1_103' title='bbox 1231 1317 1272 1360; x_wconf 82' lang='lat' dir='ltr'><strong>ex</strong></span> 
     </span>
     <span class='ocr_line' id='line_1_13' title="bbox 126 1380 1272 1464; baseline 0.003 -22"><span class='ocrx_word' id='word_1_104' title='bbox 126 1380 346 1445; x_wconf 84' lang='lat' dir='ltr'><strong>archidiaconis</strong></span> <span class='ocrx_word' id='word_1_105' title='bbox 370 1384 495 1446; x_wconf 80' lang='lat' dir='ltr'><strong>Palatini</strong></span> <span class='ocrx_word' id='word_1_106' title='bbox 521 1383 596 1446; x_wconf 88' lang='lat' dir='ltr'><strong>oleri</strong></span> <span class='ocrx_word' id='word_1_107' title='bbox 629 1384 843 1464; x_wconf 84' lang='lat' dir='ltr'><strong>Evangelium,</strong></span> <span class='ocrx_word' id='word_1_108' title='bbox 878 1385 955 1446; x_wconf 85' lang='lat' dir='ltr'><strong>alter</strong></span> <span class='ocrx_word' id='word_1_109' title='bbox 981 1383 1162 1464; x_wconf 74' lang='lat' dir='ltr'><strong>Apostolum</strong></span> <span class='ocrx_word' id='word_1_110' title='bbox 1190 1385 1272 1463; x_wconf 85' lang='lat' dir='ltr'><strong>legit.</strong></span> 
     </span>
     <span class='ocr_line' id='line_1_14' title="bbox 125 1488 258 1530; baseline -0.03 0"><span class='ocrx_word' id='word_1_111' title='bbox 125 1488 258 1530; x_wconf 72' lang='lat' dir='ltr'><strong>nucero.</strong></span> 
     </span>
    </p>

    <p class='ocr_par' dir='ltr' id='par_1_5' title="bbox 126 1543 1384 2143">
     <span class='ocr_line' id='line_1_15' title="bbox 145 1543 1275 1638; baseline 0.002 -26"><span class='ocrx_word' id='word_1_112' title='bbox 145 1577 148 1583; x_wconf 84' lang='lat'>·</span> <span class='ocrx_word' id='word_1_113' title='bbox 216 1555 289 1634; x_wconf 71' lang='lat' dir='ltr'><strong>Pag-</strong></span> <span class='ocrx_word' id='word_1_114' title='bbox 313 1555 384 1628; x_wconf 88' lang='grc'><strong>130,</strong></span> <span class='ocrx_word' id='word_1_115' title='bbox 408 1557 459 1622; x_wconf 93' lang='grc'><strong>11.</strong></span> <span class='ocrx_word' id='word_1_116' title='bbox 502 1546 788 1638; x_wconf 77' lang='grc' dir='ltr'><strong><em>Σονελεντοοργήκετ</em></strong></span> <span class='ocrx_word' id='word_1_117' title='bbox 801 1549 858 1633; x_wconf 75' lang='grc' dir='ltr'><strong>μὲν</strong></span> <span class='ocrx_word' id='word_1_118' title='bbox 877 1543 937 1616; x_wconf 76' lang='grc' dir='ltr'><strong>οὖν</strong></span> <span class='ocrx_word' id='word_1_119' title='bbox 955 1555 1017 1614; x_wconf 75' lang='grc' dir='ltr'><strong>τῶν</strong></span> <span class='ocrx_word' id='word_1_120' title='bbox 1031 1544 1157 1615; x_wconf 73' lang='grc' dir='ltr'><strong><em>πάντων</em></strong></span> <span class='ocrx_word' id='word_1_121' title='bbox 1171 1545 1275 1627; x_wconf 65' lang='lat' dir='ltr'><strong>addela</strong></span> 
     </span>
     <span class='ocr_line' id='line_1_16' title="bbox 127 1635 1276 1719; baseline -0.001 -19"><span class='ocrx_word' id='word_1_122' title='bbox 127 1643 192 1712; x_wconf 81' lang='grc' dir='ltr'><strong><em>τοῖς</em></strong></span> <span class='ocrx_word' id='word_1_123' title='bbox 207 1643 263 1701; x_wconf 79' lang='grc' dir='ltr'><strong>τοῦ</strong></span> <span class='ocrx_word' id='word_1_124' title='bbox 281 1635 418 1716; x_wconf 79' lang='grc' dir='ltr'><strong><em>Πάππον]</em></strong></span> <span class='ocrx_word' id='word_1_125' title='bbox 441 1637 551 1698; x_wconf 85' lang='lat' dir='ltr'><strong>Fateor</strong></span> <span class='ocrx_word' id='word_1_126' title='bbox 565 1657 612 1700; x_wconf 89' lang='lat' dir='ltr'><strong>me</strong></span> <span class='ocrx_word' id='word_1_127' title='bbox 632 1638 779 1700; x_wconf 85' lang='lat' dir='ltr'><strong>nonsatis</strong></span> <span class='ocrx_word' id='word_1_128' title='bbox 797 1638 916 1716; x_wconf 78' lang='lat' dir='ltr'><strong>assequi</strong></span> <span class='ocrx_word' id='word_1_129' title='bbox 931 1637 1004 1716; x_wconf 87' lang='lat' dir='ltr'><strong>quid</strong></span> <span class='ocrx_word' id='word_1_130' title='bbox 1017 1637 1074 1696; x_wconf 90' lang='lat' dir='ltr'><strong>sibi</strong></span> <span class='ocrx_word' id='word_1_131' title='bbox 1092 1638 1175 1699; x_wconf 86' lang='lat' dir='ltr'><strong>volit.</strong></span> <span class='ocrx_word' id='word_1_132' title='bbox 1199 1637 1276 1719; x_wconf 74' lang='grc' dir='ltr'><strong><em>Φρέ-</em></strong></span> 
     </span>
     <span class='ocr_line' id='line_1_17' title="bbox 128 1721 1276 1805; baseline -0.003 -20"><span class='ocrx_word' id='word_1_133' title='bbox 128 1746 192 1805; x_wconf 83' lang='grc' dir='ltr'><strong><em>ρνον</em></strong></span> <span class='ocrx_word' id='word_1_134' title='bbox 207 1723 344 1782; x_wconf 82' lang='lat' dir='ltr'><strong>fortassis</strong></span> <span class='ocrx_word' id='word_1_135' title='bbox 360 1732 431 1781; x_wconf 88' lang='lat' dir='ltr'><strong>snnt</strong></span> <span class='ocrx_word' id='word_1_136' title='bbox 454 1721 589 1796; x_wconf 77' lang='lat' dir='ltr'><strong>Fratres,</strong></span> <span class='ocrx_word' id='word_1_137' title='bbox 612 1721 732 1783; x_wconf 83' lang='lat' dir='ltr'><strong>honest</strong></span> <span class='ocrx_word' id='word_1_138' title='bbox 747 1721 901 1799; x_wconf 88' lang='lat' dir='ltr'><strong>monachi,</strong></span> <span class='ocrx_word' id='word_1_139' title='bbox 924 1723 978 1801; x_wconf 90' lang='lat' dir='ltr'><strong>qui</strong></span> <span class='ocrx_word' id='word_1_140' title='bbox 1001 1723 1136 1782; x_wconf 85' lang='lat' dir='ltr'><strong>Latinam</strong></span> <span class='ocrx_word' id='word_1_141' title='bbox 1155 1722 1276 1792; x_wconf 78' lang='lat' dir='ltr'><strong>Missam</strong></span> 
     </span>
     <span class='ocr_line' id='line_1_18' title="bbox 128 1805 1277 1888; baseline 0 -22"><span class='ocrx_word' id='word_1_142' title='bbox 128 1807 281 1888; x_wconf 85' lang='lat' dir='ltr'><strong>permissu</strong></span> <span class='ocrx_word' id='word_1_143' title='bbox 299 1807 489 1888; x_wconf 80' lang='lat' dir='ltr'><strong>imperatoris</strong></span> <span class='ocrx_word' id='word_1_144' title='bbox 505 1809 705 1869; x_wconf 89' lang='lat' dir='ltr'><strong>celebrarunt.</strong></span> <span class='ocrx_word' id='word_1_145' title='bbox 749 1809 808 1867; x_wconf 90' lang='lat' dir='ltr'><strong>Sed</strong></span> <span class='ocrx_word' id='word_1_146' title='bbox 824 1805 900 1868; x_wconf 77' lang='lat' dir='ltr'><strong>liaeo</strong></span> <span class='ocrx_word' id='word_1_147' title='bbox 920 1827 959 1866; x_wconf 86' lang='lat' dir='ltr'><strong>ex</strong></span> <span class='ocrx_word' id='word_1_148' title='bbox 973 1806 1020 1883; x_wconf 90' lang='lat' dir='ltr'><strong>iis,</strong></span> <span class='ocrx_word' id='word_1_149' title='bbox 1039 1825 1115 1887; x_wconf 86' lang='lat' dir='ltr'><strong>quae</strong></span> <span class='ocrx_word' id='word_1_150' title='bbox 1130 1805 1277 1887; x_wconf 79' lang='lat' dir='ltr'><strong>sI’aclry-</strong></span> 
     </span>
     <span class='ocr_line' id='line_1_19' title="bbox 128 1891 1278 1972; baseline -0.001 -20"><span class='ocrx_word' id='word_1_151' title='bbox 128 1891 224 1954; x_wconf 86' lang='lat' dir='ltr'><strong>merlo</strong></span> <span class='ocrx_word' id='word_1_152' title='bbox 239 1894 276 1952; x_wconf 88' lang='lat' dir='ltr'><strong>de</strong></span> <span class='ocrx_word' id='word_1_153' title='bbox 298 1891 458 1952; x_wconf 88' lang='lat' dir='ltr'><strong>Metochite</strong></span> <span class='ocrx_word' id='word_1_154' title='bbox 475 1901 614 1951; x_wconf 85' lang='lat' dir='ltr'><strong>annotata</strong></span> <span class='ocrx_word' id='word_1_155' title='bbox 636 1902 723 1966; x_wconf 86' lang='lat' dir='ltr'><strong>sunt,</strong></span> <span class='ocrx_word' id='word_1_156' title='bbox 745 1894 959 1972; x_wconf 83' lang='lat' dir='ltr'><strong>intelligentur.</strong></span> <span class='ocrx_word' id='word_1_157' title='bbox 980 1911 1129 1953; x_wconf 75' lang='lat' dir='ltr'><strong>avocatos.</strong></span> <span class='ocrx_word' id='word_1_158' title='bbox 1170 1892 1278 1952; x_wconf 86' lang='lat' dir='ltr'><strong>Verte-</strong></span> 
     </span>
     <span class='ocr_line' id='line_1_20' title="bbox 128 1974 1384 2057; baseline -0.002 -20"><span class='ocrx_word' id='word_1_159' title='bbox 128 1987 179 2037; x_wconf 89' lang='lat' dir='ltr'><strong>rat</strong></span> <span class='ocrx_word' id='word_1_160' title='bbox 195 1977 335 2053; x_wconf 75' lang='lat' dir='ltr'><strong>wolfius,</strong></span> <span class='ocrx_word' id='word_1_161' title='bbox 358 1975 469 2038; x_wconf 82' lang='lat' dir='ltr'><strong>Nullus</strong></span> <span class='ocrx_word' id='word_1_162' title='bbox 484 1992 581 2036; x_wconf 82' lang='lat' dir='ltr'><strong>tomen</strong></span> <span class='ocrx_word' id='word_1_163' title='bbox 597 1999 697 2038; x_wconf 82' lang='lat' dir='ltr'><strong>eorum</strong></span> <span class='ocrx_word' id='word_1_164' title='bbox 711 1980 840 2038; x_wconf 84' lang='lat' dir='ltr'><strong>omnium</strong></span> <span class='ocrx_word' id='word_1_165' title='bbox 855 1975 897 2036; x_wconf 78' lang='lat' dir='ltr'><strong>od</strong></span> <span class='ocrx_word' id='word_1_166' title='bbox 914 1980 1013 2057; x_wconf 82' lang='lat' dir='ltr'><strong>Papae</strong></span> <span class='ocrx_word' id='word_1_167' title='bbox 1033 1979 1174 2038; x_wconf 81' lang='lat' dir='ltr'><strong>rationem</strong></span> <span class='ocrx_word' id='word_1_168' title='bbox 1191 1974 1276 2038; x_wconf 78' lang='lat' dir='ltr'><strong>litar-</strong></span> <span class='ocrx_word' id='word_1_169' title='bbox 1292 1991 1296 1998; x_wconf 87' lang='grc'><em>“</em></span> <span class='ocrx_word' id='word_1_170' title='bbox 1381 2042 1384 2052; x_wconf 34' lang='grc' dir='ltr'>Ι</span> 
     </span>
     <span class='ocr_line' id='line_1_21' title="bbox 126 2059 1275 2143; baseline 0 -23"><span class='ocrx_word' id='word_1_171' title='bbox 126 2062 214 2143; x_wconf 83' lang='lat' dir='ltr'><strong>giam</strong></span> <span class='ocrx_word' id='word_1_172' title='bbox 231 2059 396 2123; x_wconf 76' lang='lat' dir='ltr'><strong>celebravit.</strong></span> <span class='ocrx_word' id='word_1_173' title='bbox 440 2061 624 2122; x_wconf 84' lang='lat' dir='ltr'><strong>Vertendnna</strong></span> <span class='ocrx_word' id='word_1_174' title='bbox 641 2062 682 2122; x_wconf 89' lang='lat' dir='ltr'><strong>ita</strong></span> <span class='ocrx_word' id='word_1_175' title='bbox 699 2071 733 2122; x_wconf 89' lang='lat' dir='ltr'><strong>ut</strong></span> <span class='ocrx_word' id='word_1_176' title='bbox 746 2061 905 2125; x_wconf 88' lang='lat' dir='ltr'><strong>edidimus.</strong></span> <span class='ocrx_word' id='word_1_177' title='bbox 947 2080 1062 2122; x_wconf 80' lang='lat' dir='ltr'><strong>sonna.</strong></span> <span class='ocrx_word' id='word_1_178' title='bbox 1269 2123 1275 2137; x_wconf 57' lang='grc'><strong>,</strong></span> 
     </span>
    </p>

    <p class='ocr_par' dir='ltr' id='par_1_6' title="bbox 131 2144 1294 2480">
     <span class='ocr_line' id='line_1_22' title="bbox 220 2144 1278 2228; baseline -0.005 -19"><span class='ocrx_word' id='word_1_179' title='bbox 220 2150 290 2228; x_wconf 77' lang='lat' dir='ltr'><strong>Pog.</strong></span> <span class='ocrx_word' id='word_1_180' title='bbox 315 2150 385 2220; x_wconf 90' lang='grc'><strong>130,</strong></span> <span class='ocrx_word' id='word_1_181' title='bbox 409 2149 458 2211; x_wconf 94' lang='grc'><strong>13.</strong></span> <span class='ocrx_word' id='word_1_182' title='bbox 506 2149 574 2208; x_wconf 86' lang='lat' dir='ltr'><strong>Toiv</strong></span> <span class='ocrx_word' id='word_1_183' title='bbox 593 2149 732 2228; x_wconf 78' lang='grc' dir='ltr'><strong><em>Φρερίων</em></strong></span> <span class='ocrx_word' id='word_1_184' title='bbox 750 2144 847 2228; x_wconf 74' lang='grc' dir='ltr'><strong><em>τινὲς]</em></strong></span> <span class='ocrx_word' id='word_1_185' title='bbox 870 2147 1030 2228; x_wconf 78' lang='lat' dir='ltr'><strong>Expressit</strong></span> <span class='ocrx_word' id='word_1_186' title='bbox 1048 2163 1154 2204; x_wconf 80' lang='lat' dir='ltr'><strong>vocem</strong></span> <span class='ocrx_word' id='word_1_187' title='bbox 1179 2145 1278 2205; x_wconf 88' lang='lat' dir='ltr'><strong>Galli-</strong></span> 
     </span>
     <span class='ocr_line' id='line_1_23' title="bbox 132 2227 1279 2311; baseline 0.001 -21"><span class='ocrx_word' id='word_1_188' title='bbox 132 2252 198 2290; x_wconf 83' lang='lat' dir='ltr'><strong>cam</strong></span> <span class='ocrx_word' id='word_1_189' title='bbox 213 2227 329 2306; x_wconf 71' lang='lat' dir='ltr'><strong>Fris-es,</strong></span> <span class='ocrx_word' id='word_1_190' title='bbox 356 2229 506 2311; x_wconf 84' lang='lat' dir='ltr'><strong>quomodo</strong></span> <span class='ocrx_word' id='word_1_191' title='bbox 522 2241 586 2291; x_wconf 88' lang='lat' dir='ltr'><strong>tum</strong></span> <span class='ocrx_word' id='word_1_192' title='bbox 605 2232 842 2311; x_wconf 82' lang='lat' dir='ltr'><strong>indigitabantnr</strong></span> <span class='ocrx_word' id='word_1_193' title='bbox 855 2253 894 2293; x_wconf 84' lang='lat' dir='ltr'><strong>ex</strong></span> <span class='ocrx_word' id='word_1_194' title='bbox 915 2233 1022 2292; x_wconf 86' lang='lat' dir='ltr'><strong>ordino</strong></span> <span class='ocrx_word' id='word_1_195' title='bbox 1037 2233 1066 2289; x_wconf 86' lang='grc'><strong>3.</strong></span> <span class='ocrx_word' id='word_1_196' title='bbox 1081 2230 1235 2290; x_wconf 85' lang='lat' dir='ltr'><strong>Francisci</strong></span> <span class='ocrx_word' id='word_1_197' title='bbox 1249 2240 1279 2291; x_wconf 90' lang='lat' dir='ltr'><strong>et</strong></span> 
     </span>
     <span class='ocr_line' id='line_1_24' title="bbox 131 2315 1278 2398; baseline 0 -24"><span class='ocrx_word' id='word_1_198' title='bbox 131 2319 164 2376; x_wconf 89' lang='lat' dir='ltr'><strong>S.</strong></span> <span class='ocrx_word' id='word_1_199' title='bbox 190 2317 335 2376; x_wconf 81' lang='lat' dir='ltr'><strong>llominici</strong></span> <span class='ocrx_word' id='word_1_200' title='bbox 358 2315 505 2376; x_wconf 89' lang='lat' dir='ltr'><strong>monachi.</strong></span> <span class='ocrx_word' id='word_1_201' title='bbox 548 2315 587 2374; x_wconf 87' lang='lat' dir='ltr'><strong>Hi</strong></span> <span class='ocrx_word' id='word_1_202' title='bbox 610 2337 703 2398; x_wconf 93' lang='lat' dir='ltr'><strong>porro</strong></span> <span class='ocrx_word' id='word_1_203' title='bbox 735 2316 1020 2398; x_wconf 86' lang='lat' dir='ltr'><strong>Constantinopolin</strong></span> <span class='ocrx_word' id='word_1_204' title='bbox 1049 2317 1234 2376; x_wconf 84' lang='lat' dir='ltr'><strong>advenerant</strong></span> <span class='ocrx_word' id='word_1_205' title='bbox 1260 2335 1278 2374; x_wconf 88' lang='lat' dir='ltr'><strong>a</strong></span> 
     </span>
     <span class='ocr_line' id='line_1_25' title="bbox 132 2399 1294 2480; baseline 0 -22"><span class='ocrx_word' id='word_1_206' title='bbox 132 2399 280 2480; x_wconf 85' lang='lat' dir='ltr'><strong>Gregorio</strong></span> <span class='ocrx_word' id='word_1_207' title='bbox 293 2400 394 2475; x_wconf 88' lang='lat' dir='ltr'><strong>missi,</strong></span> <span class='ocrx_word' id='word_1_208' title='bbox 415 2401 447 2459; x_wconf 90' lang='lat' dir='ltr'><strong>in</strong></span> <span class='ocrx_word' id='word_1_209' title='bbox 463 2401 570 2480; x_wconf 87' lang='lat' dir='ltr'><strong>quibus</strong></span> <span class='ocrx_word' id='word_1_210' title='bbox 586 2413 651 2462; x_wconf 84' lang='lat' dir='ltr'><strong>erat</strong></span> <span class='ocrx_word' id='word_1_211' title='bbox 666 2402 793 2462; x_wconf 86' lang='lat' dir='ltr'><strong>Ioannes</strong></span> <span class='ocrx_word' id='word_1_212' title='bbox 808 2403 979 2463; x_wconf 86' lang='lat' dir='ltr'><strong>Parostron.</strong></span> <span class='ocrx_word' id='word_1_213' title='bbox 1021 2420 1153 2464; x_wconf 72' lang='lat' dir='ltr'><strong>nocero.</strong></span> <span class='ocrx_word' id='word_1_214' title='bbox 1290 2452 1294 2460; x_wconf 80' lang='grc'><strong>,</strong></span> 
     </span>
    </p>

    <p class='ocr_par' dir='ltr' id='par_1_7' title="bbox 132 2481 1280 2717">
     <span class='ocr_line' id='line_1_26' title="bbox 220 2481 1280 2570; baseline -0.011 -16"><span class='ocrx_word' id='word_1_215' title='bbox 220 2483 249 2544; x_wconf 85' lang='lat' dir='ltr'><strong><em>P</em></strong></span> <span class='ocrx_word' id='word_1_216' title='bbox 247 2507 296 2565; x_wconf 68' lang='lat' dir='ltr'><strong>ug·</strong></span> <span class='ocrx_word' id='word_1_217' title='bbox 321 2489 395 2560; x_wconf 86' lang='grc'><strong>130,</strong></span> <span class='ocrx_word' id='word_1_218' title='bbox 419 2490 468 2550; x_wconf 88' lang='grc'><strong>14.</strong></span> <span class='ocrx_word' id='word_1_219' title='bbox 511 2481 572 2547; x_wconf 82' lang='lat' dir='ltr'><strong>Asai</strong></span> <span class='ocrx_word' id='word_1_220' title='bbox 598 2489 785 2568; x_wconf 78' lang='grc' dir='ltr'><strong><em>χειροτονίαν</em></strong></span> <span class='ocrx_word' id='word_1_221' title='bbox 805 2485 905 2566; x_wconf 77' lang='grc' dir='ltr'><strong><em>τινὸς]</em></strong></span> <span class='ocrx_word' id='word_1_222' title='bbox 935 2487 1104 2566; x_wconf 87' lang='lat' dir='ltr'><strong>Interpres,</strong></span> <span class='ocrx_word' id='word_1_223' title='bbox 1133 2484 1280 2570; x_wconf 78' lang='lat' dir='ltr'><strong>suffiogio</strong></span> 
     </span>
     <span class='ocr_line' id='line_1_27' title="bbox 133 2565 1280 2656; baseline -0.003 -25"><span class='ocrx_word' id='word_1_224' title='bbox 133 2566 290 2631; x_wconf 78' lang='lat' dir='ltr'><strong>cniusdam</strong></span> <span class='ocrx_word' id='word_1_225' title='bbox 306 2567 555 2654; x_wconf 76' lang='lat' dir='ltr'><strong>efnmiliaribuss</strong></span> <span class='ocrx_word' id='word_1_226' title='bbox 586 2571 824 2650; x_wconf 84' lang='lat' dir='ltr'><strong>emendavimus,</strong></span> <span class='ocrx_word' id='word_1_227' title='bbox 845 2586 967 2656; x_wconf 84' lang='lat' dir='ltr'><strong>propter</strong></span> <span class='ocrx_word' id='word_1_228' title='bbox 989 2565 1206 2631; x_wconf 76' lang='lat' dir='ltr'><strong>ordinationem</strong></span> <span class='ocrx_word' id='word_1_229' title='bbox 1227 2589 1280 2628; x_wconf 83' lang='lat' dir='ltr'><strong>oa-</strong></span> 
     </span>
     <span class='ocr_line' id='line_1_28' title="bbox 132 2650 544 2717; baseline 0.005 -3"><span class='ocrx_word' id='word_1_230' title='bbox 132 2650 252 2714; x_wconf 83' lang='lat' dir='ltr'><strong>iasdom</strong></span> <span class='ocrx_word' id='word_1_231' title='bbox 270 2679 284 2714; x_wconf 88' lang='lat' dir='ltr'><strong>e</strong></span> <span class='ocrx_word' id='word_1_232' title='bbox 300 2657 371 2717; x_wconf 86' lang='lat' dir='ltr'><strong>suis.</strong></span> <span class='ocrx_word' id='word_1_233' title='bbox 412 2675 544 2717; x_wconf 72' lang='lat' dir='ltr'><strong>nonanta</strong></span> 
     </span>
    </p>
   </div>
   <div class='ocr_carea' id='block_1_3' title="bbox 134 2731 1283 2906">
    <p class='ocr_par' dir='ltr' id='par_1_8' title="bbox 134 2731 1283 2906">
     <span class='ocr_line' id='line_1_29' title="bbox 220 2731 1283 2822; baseline -0.001 -24"><span class='ocrx_word' id='word_1_234' title='bbox 220 2737 296 2821; x_wconf 75' lang='lat' dir='ltr'><strong>Pag-</strong></span> <span class='ocrx_word' id='word_1_235' title='bbox 320 2744 391 2814; x_wconf 90' lang='grc'><strong>130,</strong></span> <span class='ocrx_word' id='word_1_236' title='bbox 416 2745 465 2808; x_wconf 87' lang='grc'><strong>16.</strong></span> <span class='ocrx_word' id='word_1_237' title='bbox 503 2731 561 2802; x_wconf 87' lang='grc' dir='ltr'><strong>Ἦν</strong></span> <span class='ocrx_word' id='word_1_238' title='bbox 581 2735 719 2822; x_wconf 64' lang='lat' dir='ltr'><strong>delatori]</strong></span> <span class='ocrx_word' id='word_1_239' title='bbox 742 2739 918 2821; x_wconf 82' lang='lat' dir='ltr'><strong>Pachymer.</strong></span> <span class='ocrx_word' id='word_1_240' title='bbox 929 2739 982 2800; x_wconf 92' lang='lat' dir='ltr'><strong>lib.</strong></span> <span class='ocrx_word' id='word_1_241' title='bbox 997 2739 1033 2799; x_wconf 95' lang='lat' dir='ltr'><strong>V.</strong></span> <span class='ocrx_word' id='word_1_242' title='bbox 1047 2735 1178 2819; x_wconf 79' lang='lat' dir='ltr'><strong>cap.III.</strong></span> <span class='ocrx_word' id='word_1_243' title='bbox 1207 2733 1283 2797; x_wconf 84' lang='lat' dir='ltr'><strong>Vide</strong></span> 
     </span>
     <span class='ocr_line' id='line_1_30' title="bbox 134 2825 1000 2906; baseline 0.005 -22"><span class='ocrx_word' id='word_1_244' title='bbox 134 2832 262 2884; x_wconf 85' lang='lat' dir='ltr'><strong>stemma</strong></span> <span class='ocrx_word' id='word_1_245' title='bbox 276 2825 523 2904; x_wconf 86' lang='lat' dir='ltr'><strong>Palaaologorum</strong></span> <span class='ocrx_word' id='word_1_246' title='bbox 535 2825 567 2884; x_wconf 91' lang='lat' dir='ltr'><strong>in</strong></span> <span class='ocrx_word' id='word_1_247' title='bbox 583 2825 686 2886; x_wconf 84' lang='lat' dir='ltr'><strong>Famil.</strong></span> <span class='ocrx_word' id='word_1_248' title='bbox 703 2826 830 2906; x_wconf 85' lang='lat' dir='ltr'><strong>Byzant.</strong></span> <span class='ocrx_word' id='word_1_249' title='bbox 870 2845 1000 2888; x_wconf 74' lang='lat' dir='ltr'><strong>onemo.</strong></span> 
     </span>
    </p>
   </div>
   <div class='ocr_carea' id='block_1_4' title="bbox 18 2919 1285 3243">
    <p class='ocr_par' dir='ltr' id='par_1_9' title="bbox 226 2919 1283 3012">
     <span class='ocr_line' id='line_1_31' title="bbox 226 2919 1283 3012; baseline -0.006 -19"><span class='ocrx_word' id='word_1_250' title='bbox 226 2927 298 3005; x_wconf 71' lang='lat' dir='ltr'><strong>Pug·</strong></span> <span class='ocrx_word' id='word_1_251' title='bbox 323 2931 400 3004; x_wconf 90' lang='grc'><strong>130,</strong></span> <span class='ocrx_word' id='word_1_252' title='bbox 426 2931 475 2994; x_wconf 89' lang='grc'><strong>19.</strong></span> <span class='ocrx_word' id='word_1_253' title='bbox 520 2925 575 3012; x_wconf 77' lang='grc' dir='ltr'><strong>Τῷ</strong></span> <span class='ocrx_word' id='word_1_254' title='bbox 601 2931 657 3006; x_wconf 77' lang='grc' dir='ltr'><strong>τῆς</strong></span> <span class='ocrx_word' id='word_1_255' title='bbox 686 2931 825 3011; x_wconf 80' lang='grc' dir='ltr'><strong><em>Ζογορᾶς</em></strong></span> <span class='ocrx_word' id='word_1_256' title='bbox 848 2923 991 3007; x_wconf 74' lang='grc' dir='ltr'><strong><em>ἄρχοντι]</em></strong></span> <span class='ocrx_word' id='word_1_257' title='bbox 1024 2922 1183 3002; x_wconf 81' lang='lat' dir='ltr'><strong>Balgariss</strong></span> <span class='ocrx_word' id='word_1_258' title='bbox 1209 2919 1283 3002; x_wconf 87' lang='lat' dir='ltr'><strong>regi.</strong></span> 
     </span>
    </p>

    <p class='ocr_par' dir='ltr' id='par_1_10' title="bbox 136 3007 1285 3092">
     <span class='ocr_line' id='line_1_32' title="bbox 136 3007 1285 3092; baseline 0 -25"><span class='ocrx_word' id='word_1_259' title='bbox 136 3007 200 3069; x_wconf 85' lang='lat' dir='ltr'><strong>Cur</strong></span> <span class='ocrx_word' id='word_1_260' title='bbox 214 3029 308 3088; x_wconf 90' lang='lat' dir='ltr'><strong>porro</strong></span> <span class='ocrx_word' id='word_1_261' title='bbox 330 3011 463 3089; x_wconf 81' lang='lat' dir='ltr'><strong>Zagorae</strong></span> <span class='ocrx_word' id='word_1_262' title='bbox 483 3031 568 3092; x_wconf 82' lang='lat' dir='ltr'><strong>reges</strong></span> <span class='ocrx_word' id='word_1_263' title='bbox 586 3011 760 3074; x_wconf 86' lang='lat' dir='ltr'><strong>dicerentur</strong></span> <span class='ocrx_word' id='word_1_264' title='bbox 779 3012 932 3091; x_wconf 79' lang='lat' dir='ltr'><strong>Balgatiaa</strong></span> <span class='ocrx_word' id='word_1_265' title='bbox 951 3011 1123 3092; x_wconf 86' lang='lat' dir='ltr'><strong>principes,</strong></span> <span class='ocrx_word' id='word_1_266' title='bbox 1152 3007 1285 3068; x_wconf 80' lang='lat' dir='ltr'><strong>diximus</strong></span> 
     </span>
    </p>

    <p class='ocr_par' dir='ltr' id='par_1_11' title="bbox 18 3091 1285 3243">
     <span class='ocr_line' id='line_1_33' title="bbox 18 3091 1285 3178; baseline -0.002 -25"><span class='ocrx_word' id='word_1_267' title='bbox 18 3111 25 3120; x_wconf 82' lang='grc'><strong>’</strong></span> <span class='ocrx_word' id='word_1_268' title='bbox 135 3094 168 3153; x_wconf 88' lang='lat' dir='ltr'><strong>in</strong></span> <span class='ocrx_word' id='word_1_269' title='bbox 185 3095 348 3155; x_wconf 86' lang='lat' dir='ltr'><strong>eorundem</strong></span> <span class='ocrx_word' id='word_1_270' title='bbox 369 3117 474 3175; x_wconf 83' lang='lat' dir='ltr'><strong>regum</strong></span> <span class='ocrx_word' id='word_1_271' title='bbox 494 3098 588 3174; x_wconf 83' lang='lat' dir='ltr'><strong>serie,</strong></span> <span class='ocrx_word' id='word_1_272' title='bbox 610 3119 639 3156; x_wconf 91' lang='lat' dir='ltr'><strong>n.</strong></span> <span class='ocrx_word' id='word_1_273' title='bbox 663 3097 758 3160; x_wconf 86' lang='lat' dir='ltr'><strong>XVII.</strong></span> <span class='ocrx_word' id='word_1_274' title='bbox 801 3097 879 3158; x_wconf 88' lang='lat' dir='ltr'><strong>Vide</strong></span> <span class='ocrx_word' id='word_1_275' title='bbox 895 3106 1049 3178; x_wconf 86' lang='lat' dir='ltr'><strong>praeterea</strong></span> <span class='ocrx_word' id='word_1_276' title='bbox 1072 3091 1285 3154; x_wconf 84' lang='lat' dir='ltr'><strong>Leunolavium</strong></span> 
     </span>
     <span class='ocr_line' id='line_1_34' title="bbox 136 3177 1130 3243; baseline -0.001 -6"><span class='ocrx_word' id='word_1_277' title='bbox 136 3179 170 3238; x_wconf 91' lang='lat' dir='ltr'><strong>in</strong></span> <span class='ocrx_word' id='word_1_278' title='bbox 183 3177 334 3240; x_wconf 87' lang='lat' dir='ltr'><strong>Pandects</strong></span> <span class='ocrx_word' id='word_1_279' title='bbox 355 3181 444 3243; x_wconf 84' lang='lat' dir='ltr'><strong>Ture.</strong></span> <span class='ocrx_word' id='word_1_280' title='bbox 461 3203 491 3242; x_wconf 88' lang='lat' dir='ltr'><strong>n.</strong></span> <span class='ocrx_word' id='word_1_281' title='bbox 505 3182 647 3242; x_wconf 84' lang='lat' dir='ltr'><strong>XXXIII.</strong></span> <span class='ocrx_word' id='word_1_282' title='bbox 665 3192 695 3243; x_wconf 87' lang='lat' dir='ltr'><strong>et</strong></span> <span class='ocrx_word' id='word_1_283' title='bbox 704 3183 735 3242; x_wconf 91' lang='lat' dir='ltr'><strong>in</strong></span> <span class='ocrx_word' id='word_1_284' title='bbox 752 3183 955 3243; x_wconf 88' lang='lat' dir='ltr'><strong>Onomastico.</strong></span> <span class='ocrx_word' id='word_1_285' title='bbox 998 3197 1130 3242; x_wconf 73' lang='lat' dir='ltr'><strong>oncino.</strong></span> 
     </span>
    </p>
   </div>
   <div class='ocr_carea' id='block_1_5' title="bbox 226 3275 1286 3368">
    <p class='ocr_par' dir='ltr' id='par_1_12' title="bbox 226 3275 1286 3368">
     <span class='ocr_line' id='line_1_35' title="bbox 226 3275 1286 3368; baseline -0.008 -20"><span class='ocrx_word' id='word_1_286' title='bbox 226 3283 300 3364; x_wconf 72' lang='lat' dir='ltr'><strong>Pug·</strong></span> <span class='ocrx_word' id='word_1_287' title='bbox 325 3285 396 3359; x_wconf 89' lang='grc'><strong>130,</strong></span> <span class='ocrx_word' id='word_1_288' title='bbox 418 3289 469 3350; x_wconf 80' lang='lat'><strong>22·</strong></span> <span class='ocrx_word' id='word_1_289' title='bbox 511 3275 563 3348; x_wconf 81' lang='grc' dir='ltr'><strong>Ἐν</strong></span> <span class='ocrx_word' id='word_1_290' title='bbox 587 3279 727 3367; x_wconf 75' lang='grc' dir='ltr'><strong><em>τούτοις]</em></strong></span> <span class='ocrx_word' id='word_1_291' title='bbox 770 3281 944 3368; x_wconf 72' lang='lat' dir='ltr'><strong>Pschymsr.</strong></span> <span class='ocrx_word' id='word_1_292' title='bbox 969 3283 1022 3343; x_wconf 94' lang='lat' dir='ltr'><strong>lib.</strong></span> <span class='ocrx_word' id='word_1_293' title='bbox 1053 3277 1106 3341; x_wconf 88' lang='lat' dir='ltr'><strong>VI.</strong></span> <span class='ocrx_word' id='word_1_294' title='bbox 1137 3301 1205 3362; x_wconf 88' lang='lat' dir='ltr'><strong>cap.</strong></span> <span class='ocrx_word' id='word_1_295' title='bbox 1233 3277 1286 3340; x_wconf 88' lang='lat' dir='ltr'><strong>III.</strong></span> 
     </span>
    </p>
   </div>
   <div class='ocr_carea' id='block_1_6' title="bbox 135 3383 1289 3622">
    <p class='ocr_par' dir='ltr' id='par_1_13' title="bbox 135 3383 1289 3622">
     <span class='ocr_line' id='line_1_36' title="bbox 135 3383 1289 3551; baseline -0.017 -25"><span class='ocrx_word' id='word_1_296' title='bbox 135 3383 395 3551; x_wconf 33' lang='grc' dir='ltr'><strong>ῗπῗῗᾶξᾴᾒ,</strong></span> <span class='ocrx_word' id='word_1_297' title='bbox 419 3457 447 3516; x_wconf 93' lang='grc'><strong>1.</strong></span> <span class='ocrx_word' id='word_1_298' title='bbox 480 3447 602 3535; x_wconf 68' lang='lat' dir='ltr'><strong>&#39;Oropos</strong></span> <span class='ocrx_word' id='word_1_299' title='bbox 622 3451 790 3537; x_wconf 80' lang='grc' dir='ltr'><strong>Λοχανοῖς]</strong></span> <span class='ocrx_word' id='word_1_300' title='bbox 819 3457 880 3514; x_wconf 87' lang='lat' dir='ltr'><strong>Cur</strong></span> <span class='ocrx_word' id='word_1_301' title='bbox 900 3453 933 3512; x_wconf 89' lang='lat' dir='ltr'><strong>id</strong></span> <span class='ocrx_word' id='word_1_302' title='bbox 955 3453 981 3513; x_wconf 88' lang='lat' dir='ltr'><strong>ei</strong></span> <span class='ocrx_word' id='word_1_303' title='bbox 998 3449 1127 3511; x_wconf 84' lang='lat' dir='ltr'><strong>nominis</strong></span> <span class='ocrx_word' id='word_1_304' title='bbox 1147 3446 1289 3524; x_wconf 84' lang='lat' dir='ltr'><strong>inditum,</strong></span> 
     </span>
     <span class='ocr_line' id='line_1_37' title="bbox 137 3535 1217 3622; baseline -0.009 -20"><span class='ocrx_word' id='word_1_305' title='bbox 137 3535 256 3594; x_wconf 68' lang='lat' dir='ltr'><strong>iudicat</strong></span> <span class='ocrx_word' id='word_1_306' title='bbox 271 3535 344 3622; x_wconf 75' lang='lat' dir='ltr'><strong>ibid.</strong></span> <span class='ocrx_word' id='word_1_307' title='bbox 361 3536 568 3618; x_wconf 85' lang='lat' dir='ltr'><strong>Pachymeres.</strong></span> <span class='ocrx_word' id='word_1_308' title='bbox 611 3540 688 3601; x_wconf 88' lang='lat' dir='ltr'><strong>Vide</strong></span> <span class='ocrx_word' id='word_1_309' title='bbox 702 3551 826 3601; x_wconf 87' lang='lat' dir='ltr'><strong>stemma</strong></span> <span class='ocrx_word' id='word_1_310' title='bbox 840 3539 1044 3618; x_wconf 84' lang='lat' dir='ltr'><strong>Balgaricum.</strong></span> <span class='ocrx_word' id='word_1_311' title='bbox 1087 3553 1217 3596; x_wconf 75' lang='lat' dir='ltr'><strong>numne.</strong></span> 
     </span>
    </p>
   </div>
   <div class='ocr_carea' id='block_1_7' title="bbox 139 3631 1289 3804">
    <p class='ocr_par' dir='ltr' id='par_1_14' title="bbox 139 3631 1289 3804">
     <span class='ocr_line' id='line_1_38' title="bbox 232 3631 1289 3726; baseline -0.003 -21"><span class='ocrx_word' id='word_1_312' title='bbox 232 3641 305 3719; x_wconf 75' lang='lat' dir='ltr'><strong>Pag·</strong></span> <span class='ocrx_word' id='word_1_313' title='bbox 330 3644 402 3712; x_wconf 74' lang='lat'><strong>132,</strong></span> <span class='ocrx_word' id='word_1_314' title='bbox 425 3647 454 3704; x_wconf 89' lang='grc'><strong>6.</strong></span> <span class='ocrx_word' id='word_1_315' title='bbox 488 3635 588 3703; x_wconf 80' lang='grc' dir='ltr'><strong><em>Ὅθεν</em></strong></span> <span class='ocrx_word' id='word_1_316' title='bbox 611 3638 790 3726; x_wconf 77' lang='grc' dir='ltr'><strong><em>ἐπειδήπερ]</em></strong></span> <span class='ocrx_word' id='word_1_317' title='bbox 819 3639 994 3722; x_wconf 81' lang='lat' dir='ltr'><strong>Pachymer.</strong></span> <span class='ocrx_word' id='word_1_318' title='bbox 1018 3638 1072 3699; x_wconf 90' lang='lat' dir='ltr'><strong>lib.</strong></span> <span class='ocrx_word' id='word_1_319' title='bbox 1094 3636 1131 3697; x_wconf 93' lang='lat' dir='ltr'><strong>V.</strong></span> <span class='ocrx_word' id='word_1_320' title='bbox 1158 3656 1225 3717; x_wconf 86' lang='lat' dir='ltr'><strong>cap.</strong></span> <span class='ocrx_word' id='word_1_321' title='bbox 1250 3631 1289 3702; x_wconf 73' lang='lat' dir='ltr'><strong>V.</strong></span> 
     </span>
     <span class='ocr_line' id='line_1_39' title="bbox 139 3721 637 3804; baseline 0.004 -22"><span class='ocrx_word' id='word_1_322' title='bbox 139 3721 193 3782; x_wconf 92' lang='lat' dir='ltr'><strong>lib.</strong></span> <span class='ocrx_word' id='word_1_323' title='bbox 211 3721 259 3782; x_wconf 93' lang='lat' dir='ltr'><strong>VI.</strong></span> <span class='ocrx_word' id='word_1_324' title='bbox 279 3744 347 3804; x_wconf 89' lang='lat' dir='ltr'><strong>cap.</strong></span> <span class='ocrx_word' id='word_1_325' title='bbox 361 3723 411 3784; x_wconf 92' lang='lat' dir='ltr'><strong>lV.</strong></span> <span class='ocrx_word' id='word_1_326' title='bbox 426 3725 463 3786; x_wconf 89' lang='lat' dir='ltr'><strong>V.</strong></span> <span class='ocrx_word' id='word_1_327' title='bbox 505 3745 637 3786; x_wconf 77' lang='lat' dir='ltr'><strong>occano.</strong></span> 
     </span>
    </p>
   </div>
   <div class='ocr_carea' id='block_1_8' title="bbox 228 3819 1270 3910">
    <p class='ocr_par' dir='ltr' id='par_1_15' title="bbox 228 3819 1270 3910">
     <span class='ocr_line' id='line_1_40' title="bbox 228 3819 1270 3910; baseline 0 -27"><span class='ocrx_word' id='word_1_328' title='bbox 228 3819 354 3892; x_wconf 80' lang='lat' dir='ltr'><strong>Ibidem.</strong></span> <span class='ocrx_word' id='word_1_329' title='bbox 398 3825 417 3890; x_wconf 80' lang='grc' dir='ltr'><em>ὅ</em></span> <span class='ocrx_word' id='word_1_330' title='bbox 432 3823 521 3910; x_wconf 75' lang='grc' dir='ltr'><strong><em>λόγος</em></strong></span> <span class='ocrx_word' id='word_1_331' title='bbox 536 3825 680 3908; x_wconf 73' lang='grc' dir='ltr'><strong><em>φθάσας]</em></strong></span> <span class='ocrx_word' id='word_1_332' title='bbox 703 3828 786 3889; x_wconf 88' lang='lat' dir='ltr'><strong>Libr.</strong></span> <span class='ocrx_word' id='word_1_333' title='bbox 801 3827 855 3886; x_wconf 93' lang='lat' dir='ltr'><strong>Ill.</strong></span> <span class='ocrx_word' id='word_1_334' title='bbox 872 3847 938 3907; x_wconf 88' lang='lat' dir='ltr'><strong>cap.</strong></span> <span class='ocrx_word' id='word_1_335' title='bbox 951 3825 989 3889; x_wconf 88' lang='lat' dir='ltr'><strong>Il.</strong></span> <span class='ocrx_word' id='word_1_336' title='bbox 1006 3832 1077 3888; x_wconf 82' lang='lat' dir='ltr'><strong>sect.</strong></span> <span class='ocrx_word' id='word_1_337' title='bbox 1092 3821 1123 3890; x_wconf 79' lang='grc'><strong>4.</strong></span> <span class='ocrx_word' id='word_1_338' title='bbox 1151 3839 1270 3883; x_wconf 76' lang='lat' dir='ltr'><strong>soram.</strong></span> 
     </span>
    </p>
   </div>
   <div class='ocr_carea' id='block_1_9' title="bbox 143 3923 1323 4456">
    <p class='ocr_par' dir='ltr' id='par_1_16' title="bbox 143 3923 1323 4189">
     <span class='ocr_line' id='line_1_41' title="bbox 230 3923 1293 4011; baseline -0.016 -14"><span class='ocrx_word' id='word_1_339' title='bbox 230 3931 301 4008; x_wconf 70' lang='lat' dir='ltr'><strong>Pflg·</strong></span> <span class='ocrx_word' id='word_1_340' title='bbox 325 3931 396 4002; x_wconf 80' lang='lat'><strong>132.</strong></span> <span class='ocrx_word' id='word_1_341' title='bbox 418 3935 449 3996; x_wconf 85' lang='lat'><strong>6.</strong></span> <span class='ocrx_word' id='word_1_342' title='bbox 496 3926 556 3994; x_wconf 78' lang='lat' dir='ltr'><strong>To&#39;v</strong></span> <span class='ocrx_word' id='word_1_343' title='bbox 571 3934 629 3994; x_wconf 76' lang='lat' dir='ltr'><strong>coti</strong></span> <span class='ocrx_word' id='word_1_344' title='bbox 639 3923 733 3992; x_wconf 74' lang='grc' dir='ltr'><strong>Ἀσᾶν</strong></span> <span class='ocrx_word' id='word_1_345' title='bbox 754 3924 927 4011; x_wconf 68' lang='grc' dir='ltr'><strong><em>ἀπόγονον]</em></strong></span> <span class='ocrx_word' id='word_1_346' title='bbox 950 3928 1064 4006; x_wconf 73' lang='lat' dir='ltr'><strong>Mymes</strong></span> <span class='ocrx_word' id='word_1_347' title='bbox 1083 3925 1192 3985; x_wconf 76' lang='lat' dir='ltr'><strong>Ananis</strong></span> <span class='ocrx_word' id='word_1_348' title='bbox 1208 3941 1293 3981; x_wconf 83' lang='lat' dir='ltr'><strong>soro·</strong></span> 
     </span>
     <span class='ocr_line' id='line_1_42' title="bbox 143 4006 1292 4095; baseline -0.002 -23"><span class='ocrx_word' id='word_1_349' title='bbox 143 4031 208 4072; x_wconf 88' lang='lat' dir='ltr'><strong>rem</strong></span> <span class='ocrx_word' id='word_1_350' title='bbox 234 4012 363 4072; x_wconf 80' lang='lat' dir='ltr'><strong>duxerat</strong></span> <span class='ocrx_word' id='word_1_351' title='bbox 391 4033 533 4086; x_wconf 80' lang='lat' dir='ltr'><strong>uxorem,</strong></span> <span class='ocrx_word' id='word_1_352' title='bbox 560 4025 597 4074; x_wconf 89' lang='lat' dir='ltr'><strong>ut</strong></span> <span class='ocrx_word' id='word_1_353' title='bbox 618 4015 732 4077; x_wconf 86' lang='lat' dir='ltr'><strong>dictum</strong></span> <span class='ocrx_word' id='word_1_354' title='bbox 755 4034 864 4095; x_wconf 81' lang='lat' dir='ltr'><strong>supra,</strong></span> <span class='ocrx_word' id='word_1_355' title='bbox 884 4015 939 4075; x_wconf 90' lang='lat' dir='ltr'><strong>lib.</strong></span> <span class='ocrx_word' id='word_1_356' title='bbox 957 4014 1011 4072; x_wconf 90' lang='lat' dir='ltr'><strong>Ill.</strong></span> <span class='ocrx_word' id='word_1_357' title='bbox 1033 4031 1099 4092; x_wconf 88' lang='lat' dir='ltr'><strong>cap.</strong></span> <span class='ocrx_word' id='word_1_358' title='bbox 1113 4009 1153 4069; x_wconf 95' lang='lat' dir='ltr'><strong>II.</strong></span> <span class='ocrx_word' id='word_1_359' title='bbox 1173 4016 1246 4068; x_wconf 84' lang='lat' dir='ltr'><strong>sect.</strong></span> <span class='ocrx_word' id='word_1_360' title='bbox 1261 4006 1292 4070; x_wconf 74' lang='lat'><strong>4·</strong></span> 
     </span>
     <span class='ocr_line' id='line_1_43' title="bbox 145 4093 1323 4189; baseline 0.002 -34"><span class='ocrx_word' id='word_1_361' title='bbox 145 4097 207 4156; x_wconf 89' lang='lat' dir='ltr'><strong>Cur</strong></span> <span class='ocrx_word' id='word_1_362' title='bbox 223 4097 326 4176; x_wconf 86' lang='lat' dir='ltr'><strong>itaquo</strong></span> <span class='ocrx_word' id='word_1_363' title='bbox 339 4117 407 4158; x_wconf 88' lang='lat' dir='ltr'><strong>eum</strong></span> <span class='ocrx_word' id='word_1_364' title='bbox 421 4100 569 4178; x_wconf 78' lang='lat' dir='ltr'><strong>Gregoras</strong></span> <span class='ocrx_word' id='word_1_365' title='bbox 587 4093 743 4182; x_wconf 79' lang='lat' dir='ltr'><strong>‹ino‘yoaov</strong></span> <span class='ocrx_word' id='word_1_366' title='bbox 758 4097 871 4161; x_wconf 82' lang='lat' dir='ltr'><strong>vocat?</strong></span> <span class='ocrx_word' id='word_1_367' title='bbox 891 4118 1006 4160; x_wconf 82' lang='lat' dir='ltr'><strong>sosvsn.</strong></span> <span class='ocrx_word' id='word_1_368' title='bbox 1317 4179 1323 4189; x_wconf 76' lang='lat'><em>,</em></span> 
     </span>
    </p>

    <p class='ocr_par' dir='ltr' id='par_1_17' title="bbox 144 4188 1295 4364">
     <span class='ocr_line' id='line_1_44' title="bbox 232 4188 1295 4281; baseline -0.016 -14"><span class='ocrx_word' id='word_1_369' title='bbox 232 4201 303 4281; x_wconf 72' lang='lat' dir='ltr'><strong>Pug·</strong></span> <span class='ocrx_word' id='word_1_370' title='bbox 327 4205 399 4276; x_wconf 75' lang='lat' dir='ltr'><strong>tau,</strong></span> <span class='ocrx_word' id='word_1_371' title='bbox 423 4206 473 4270; x_wconf 84' lang='lat'><strong>18.</strong></span> <span class='ocrx_word' id='word_1_372' title='bbox 515 4194 855 4281; x_wconf 74' lang='grc' dir='ltr'><strong>Ἄπονητ10’6Ἀσο“ιν]</strong></span> <span class='ocrx_word' id='word_1_373' title='bbox 884 4197 1027 4279; x_wconf 81' lang='lat' dir='ltr'><strong>Pachym.</strong></span> <span class='ocrx_word' id='word_1_374' title='bbox 1040 4196 1093 4260; x_wconf 88' lang='lat' dir='ltr'><strong>lib.</strong></span> <span class='ocrx_word' id='word_1_375' title='bbox 1110 4196 1144 4257; x_wconf 89' lang='lat' dir='ltr'><strong>V.</strong></span> <span class='ocrx_word' id='word_1_376' title='bbox 1159 4213 1226 4276; x_wconf 88' lang='lat' dir='ltr'><strong>cap.</strong></span> <span class='ocrx_word' id='word_1_377' title='bbox 1240 4188 1295 4251; x_wconf 94' lang='lat' dir='ltr'><strong>III.</strong></span> 
     </span>
     <span class='ocr_line' id='line_1_45' title="bbox 144 4280 854 4364; baseline 0.006 -22"><span class='ocrx_word' id='word_1_378' title='bbox 144 4280 199 4342; x_wconf 83' lang='lat' dir='ltr'><strong>lib.</strong></span> <span class='ocrx_word' id='word_1_379' title='bbox 217 4282 269 4344; x_wconf 92' lang='lat' dir='ltr'><strong>Vl.</strong></span> <span class='ocrx_word' id='word_1_380' title='bbox 285 4303 352 4364; x_wconf 90' lang='lat' dir='ltr'><strong>cap.</strong></span> <span class='ocrx_word' id='word_1_381' title='bbox 368 4285 444 4350; x_wconf 84' lang='lat' dir='ltr'><strong>tlt.</strong></span> <span class='ocrx_word' id='word_1_382' title='bbox 462 4285 524 4348; x_wconf 92' lang='lat' dir='ltr'><strong>VII.</strong></span> <span class='ocrx_word' id='word_1_383' title='bbox 537 4285 615 4350; x_wconf 93' lang='lat' dir='ltr'><strong>VIII.</strong></span> <span class='ocrx_word' id='word_1_384' title='bbox 627 4287 681 4346; x_wconf 83' lang='lat' dir='ltr'><strong>1x.</strong></span> <span class='ocrx_word' id='word_1_385' title='bbox 722 4281 854 4347; x_wconf 67' lang='lat' dir='ltr'><strong>moeno.</strong></span> 
     </span>
    </p>

    <p class='ocr_par' dir='ltr' id='par_1_18' title="bbox 218 4365 1089 4456">
     <span class='ocr_line' id='line_1_46' title="bbox 218 4365 1089 4456; baseline 0 -22"><span class='ocrx_word' id='word_1_386' title='bbox 218 4380 383 4452; x_wconf 63' lang='lat' dir='ltr'><strong>ntupum</strong></span> <span class='ocrx_word' id='word_1_387' title='bbox 398 4383 511 4456; x_wconf 63' lang='lat' dir='ltr'><strong>araga.</strong></span> <span class='ocrx_word' id='word_1_388' title='bbox 534 4383 644 4440; x_wconf 73' lang='grc' dir='ltr'><strong>νον.</strong></span> <span class='ocrx_word' id='word_1_389' title='bbox 1045 4365 1089 4434; x_wconf 83' lang='lat'><strong>76</strong></span> 
     </span>
    </p>
   </div>
   <div class='ocr_carea' id='block_1_10' title="bbox 0 0 1567 4792">
    <p class='ocr_par' dir='ltr' id='par_1_19' title="bbox 0 0 1567 4792">
     <span class='ocr_line' id='line_1_47' title="bbox 0 0 1567 4792; baseline 0 0"><span class='ocrx_word' id='word_1_390' title='bbox 0 0 1567 4792; x_wconf 95' lang='lat' dir='ltr'><strong> </strong></span> 
     </span>
    </p>
   </div>
  </div>
 </body>
</html>
