3067 4792
375 321 613 395 HISTORIAE
627 322 911 395 ΒῩΖΔΝΤΙΝΑΕ
925 320 1013 393 xllt
1028 331 1078 397 ta
1208 316 1284 391 683

175 482 312 572 ἀνάγκας
322 478 399 572 ἦγον
412 482 574 573 ἑκατέρους
587 488 710 555 δεῖσθαι
725 494 781 571 τῆς
795 494 851 554 τοῦ
863 490 1031 571 Κομνηνοῦ
1038 486 1170 573 Μιχαὴλ
1185 486 1281 555 αὐτο·
1296 507 1325 557 Δ.
1339 506 1369 557 c.
1380 500 1449 557 1843

175 598 360 679 κρατοριιιῆς
378 591 535 667 ἔξουσίας·
561 590 729 657 κάντεῦθεν
743 592 915 675 ξυνέβαινεν
934 590 1029 656 αὐτὸν
1046 592 1079 657 ἀν
1089 594 1208 679 βεβαίῳ
1225 577 1340 655 και-ΜΡ·
1352 577 1387 625 ¹⁰·
1398 574 1448 625 ¹³⁸⁹

174 694 272 775 τέχειν
293 692 334 758 τά
349 698 406 777 τῆς
426 689 588 779 ἡγεμονίας
606 701 768 781 σκῆπτρα,
796 692 927 778 μηδενὸς
949 694 1092 775 ίμποδολν
1104 701 1144 783 τῇ
1161 696 1315 786 ίξουσίρῑθ

174 802 240 862 τῶν
256 795 337 863 κατά
358 792 483 880 γνώμην
496 796 737 879 καθισταμένου.
765 800 817 861 καλ
833 801 932 862 ταύτα
955 796 1013 879 μὲν
1036 797 1113 883 τῇδί
1126 824 1169 881 πη
1189 796 1285 879 ἴσχεν.

151 905 168 961 5
253 896 305 981 ιβ’.
330 898 381 963 Ἔν
399 900 434 965 δὲ
447 895 549 987 τούτῳ
572 904 618 989 τῷ
629 896 732 987 χρόνῳ
750 895 861 976 σπάνις
877 884 969 977 ἐπίεζε
987 900 1074 964 σίτου
1091 899 1383 979 ΒυζαντίουςΡΑλί

175 1026 210 1067 τε
227 1004 278 1067 καὶ
302 1003 447 1079 πλείστας
468 1009 530 1068 τῶν
550 1004 582 1068 ἓν
604 1010 643 1089 τῇ
669 998 972 1092 ΘρᾴκῃῬωμαῖκῶν
993 998 1120 1067 πόλεων.
1147 1007 1211 1067 τῶν
1223 998 1284 1089 γάρ

1317 643 1415 698 laeui-3

175 1128 226 1170 τοι
245 1101 407 1187 Ῥωμαίων
430 1114 496 1181 τοῖς
517 1106 678 1192 ἐμφυλίοις
704 1105 941 1191 περισπωμένων
972 1104 1133 1187 πολέμοις,
1169 1105 1285 1188 συχνάς

175 1204 355 1288 παυόμενοι
367 1206 424 1281 τάς
439 1204 573 1295 ἐφόδους
588 1208 618 1275 οἳ
631 1210 664 1287 ἐξ
675 1207 779 1284 Ἀσίας
793 1210 892 1284 ἀδεῶς
902 1203 1049 1293 μονήρεσι
1064 1210 1115 1271 καλ
1128 1203 1285 1295 τριήρεσιν

175 1310 210 1385 ίς
227 1310 284 1393 τὴν
300 1306 429 1399 Θρᾴκην
453 1308 667 1397 περαιούμενοι
689 1316 842 1398 Τοῦρκοι,
868 1312 919 1375 καί
930 1306 1067 1393 μάλιστα
1082 1312 1114 1375 ἐν
1131 1309 1214 1397 ἀκμῇ
1227 1316 1285 1375 τοῦ

134 1425 168 1479 1⁰
176 1414 284 1493 σίτου,
312 1410 371 1488 τάς
385 1437 417 1478 τε
430 1410 537 1498 χώρας
551 1415 780 1501 ἐνεπίμπρασαν
804 1415 856 1479 καὶ
870 1414 910 1478 τά
933 1409 1029 1497 κτήνη
1051 1411 1185 1496 ἤλαυνον
1190 1462 1201 1493 ,
1231 1412 1287 1478 ἀν·

176 1517 256 1599 δρας
273 1517 371 1580 τεκαὶ
391 1498 536 1599 γυναῖκας
550 1514 809 1603 ἠνδραποδίζοντο
816 1566 828 1598 ,
855 1518 908 1581 καλ
921 1512 1018 1581 πάντ’
1035 1517 1158 1582 ἐποίουν
1173 1515 1213 1581 τά
1225 1542 1287 1599 χα-

176 1614 359 1682 λεπώτατοι·
378 1614 421 1693 ὡς
436 1616 581 1703 ἀοίκητόν
595 1645 627 1685 τε
642 1622 692 1683 καλ
708 1617 901 1706 ἀγεώργητον
915 1619 1057 1683 ίντεῢθεν
1073 1623 1315 1705 καταλειφθῇ-Β

177 1746 229 1785 ναι
245 1719 302 1803 τὴν
317 1726 384 1803 γῆν.
411 1722 469 1803 μία
492 1723 549 1804 μὲν
574 1714 629 1788 οὐν
651 1720 730 1807 αὐτη
754 1720 916 1809 πρόφασις
925 1718 1088 1804 Ῥωμαίοις
1102 1722 1214 1804 γίνεται
1231 1726 1288 1786 τοῦ

177 1827 281 1905 λιμοῦ.
310 1822 438 1907 διυτίρα
461 1825 495 1889 δὲ
520 1825 570 1890 καί
592 1826 719 1907 μείζων,
748 1822 797 1891 δτι
814 1827 866 1890 καλ
889 1821 959 1910 ἧέκ
973 1830 1029 1889 τοῦ
1048 1821 1194 1899 Εὐξείνου
1213 1820 1289 1888 πόν-

135 1936 169 1993 15
178 1949 236 1989 του
258 1924 338 1988 κατὰ
362 1924 399 1990 τδ
427 1926 540 2003 είωθδς
565 1924 718 2003 ἓνιαύσιος
746 1933 897 1994 κατιοῦσα
918 1928 1107 2009 σιτοπομπία
1133 1928 1166 2004 ίξ
1188 1928 1291 2001 αι’τίας

177 2023 336 2092 ἔπαύσατο
362 2029 456 2110 τῆσδε
479 2030 530 2095 καὶ
549 2027 639 2113 αὐτη.
694 2028 763 2119 (Β.)
783 2030 872 2097 Ἔστι
897 2031 1050 2097 Λατίνων
1071 2035 1133 2096 τῶν
1155 2030 1188 2095 ἐκ
1212 2033 1245 2095 Γ
1240 2055 1290 2095 εν·

176 2126 274 2206 νούας
292 2127 421 2204 ἀποικος
445 2128 550 2214 πόλις,
588 2131 609 2217 ἣ
634 2132 712 2219 πρὸς
735 2138 799 2199 τῶν
824 2134 977 2220 έγχωρίων
1000 2138 1137 2198 καλεῖται
1159 2135 1287 2218 Καφᾶς,

177 2234 230 2297 καί
260 2238 317 2297 τοῦ
340 2231 419 2318 πρδς
437 2238 477 2322 τῇ
502 2231 664 2301 Μαιώτιδι
686 2232 853 2323 Βοσπόρου
876 2238 1073 2323 τριακοσίους
1098 2236 1151 2301 καλ
1170 2235 1320 2318 χιλίουςῦ

178 2338 328 2411 σταδίους
343 2334 505 2420 διέχουσα,
533 2338 619 2425 παρὰ
635 2336 675 2403 τά
693 2334 836 2422 εὐώνυμα
851 2344 908 2404 rori
930 2338 1075 2415 Εὐξείνου
1095 2335 1212 2423 πόντου
1231 2363 1293 2401 κει·

132 2438 256 2521 εομίνη
269 2438 399 2525 πλευρδ,
428 2438 459 2503 εί
465 2464 514 2517 τις
526 2441 604 2527 πρδς
621 2438 754 2528 ἀρκτους
765 2448 924 2507 ποιεῖσθαι
937 2440 992 2507 τδν
1007 2438 1164 2506 ἀνάπλουν
1178 2439 1292 2519 ἰθίλοι,

179 2542 232 2606 καὶ
256 2534 312 2605 τόν
337 2565 371 2605 τε
390 2537 513 2627 βόρειον
532 2540 630 2608 πόλον
653 2546 704 2608 καλ
724 2544 782 2629 τὴν
793 2540 914 2629 Ἑλίκην
930 2541 1006 2626 ἔχειν
1020 2543 1081 2629 πρδ
1103 2542 1291 2630 ὀφθαλμῶν.

180 2642 296 2719 είωθδς
309 2641 370 2729 γάρ
386 2652 453 2720 τοῖς
474 2646 630 2721 Λατίνοις
638 2693 650 2724 ,
683 2647 734 2710 καί
747 2643 884 2729 μάλιστα
899 2657 966 2721 τοῖς
984 2647 1017 2711 ἔκ
1032 2650 1064 2711 Γ
1062 2642 1190 2721 εννοόας
1197 2694 1209 2725 ,
1238 2645 1294 2726 δμ-

180 2752 299 2835 πορικῷ
316 2745 357 2810 τά
372 2752 500 2812 πλεῖστοι
517 2750 569 2811 καὶ
583 2749 746 2837 θαλαττίῳ
769 2750 830 2837 βίην
846 2753 1194 2836 προσταλαιπωρεΐσθαι
1203 2796 1215 2827 ,
1243 2748 1297 2810 καί

181 2849 240 2925 τὰς
253 2854 317 2915 τῶν
330 2846 502 2935 χρημάτων
525 2847 702 2939 προσόδους
723 2856 787 2917 τῶν
807 2877 840 2916 τε
850 2857 960 2917 κοινῶν
979 2853 1030 2917 καλ
1048 2852 1135 2916 ἰδίων
1146 2850 1291 2915 ἐντεῦθεν

183 3012 282 3067 abablio
295 3012 419 3065 Conueni
433 3016 589 3083 potestatem
602 3030 723 3069 summam
737 3032 796 3069 eene
806 3013 841 3068 lie
853 3032 886 3070 ox
938 3012 998 3067 iret
1032 3013 1075 3068 Eo
1088 3014 1189 3069 saetam
1203 3016 1254 3077 eat,
1268 3016 1300 3065 ut

182 3082 235 3135 iste
254 3082 445 3163 imperatoriam
464 3083 645 3137 auctoritatem
664 3084 762 3137 ffimam
778 3090 806 3137 et
817 3082 883 3137 eteb‘
895 3102 935 3140 em
948 3083 1070 3146 haberet,
1087 3100 1171 3153 aeque
1184 3080 1210 3136 ei
1224 3080 1300 3135 (leiu-

183 3166 246 3219 oepa
259 3166 394 3221 quaequam
409 3152 533 3215 obstaret,
564 3168 597 3203 uo
610 3152 690 3205 minua
705 3150 809 3224 quidria
824 3170 857 3206 ex
871 3152 1003 3207 sententia
1015 3153 1105 3209 lacere
1118 3157 1218 3222 posset.
1250 3152 1300 3204 At·

184 3236 238 3289 que
254 3220 320 3273 haec
336 3218 374 3271 ita
388 3220 468 3273 ferme
481 3238 509 3272 ae
524 3220 557 3272 ba
577 3228 676 3274 uerunt

255 3290 299 3342 12.
323 3286 420 3341 Eadem
439 3296 593 3357 tempestate
616 3290 770 3359 Byzantium
793 3296 821 3344 et
837 3288 976 3360 pleraeque
993 3287 1020 3342 iu
1034 3287 1151 3343 'lliracia
1166 3288 1298 3341 Romano-

184 3374 241 3412 rum
254 3356 333 3409 urben
350 3356 388 3408 rei
401 3357 583 3409 frumentariae
600 3356 642 3411 ino
662 3360 689 3412 ia
711 3359 871 3413 laborabant.
906 3354 1087 3422 Tencterum,
1104 3358 1163 3410 dum
1175 3355 1297 3410 civilibus

184 3426 261 3480 bellio
276 3424 385 3478 Romani
399 3422 629 3497 distringebantur,
644 3377 794 3497 {requentea
809 3444 841 3481 ex
855 3427 918 3480 Asia
929 3425 1091 3479 incursiones
1107 3424 1248 3491 faciebant,
1266 3433 1294 3478 et
1353 3439 1357 3445 ’

185 3504 238 3549 tam
254 3494 400 3548 muneribus
420 3494 476 3547 aive
497 3494 571 3547 unius
589 3514 713 3549 remorum
732 3498 829 3551 ordinia
849 3492 973 3559 naaibnn,
992 3510 1066 3564 quam
1081 3493 1229 3547 triremibus
1245 3494 1295 3546 im·

205 3582 255 3616 une
268 3566 296 3615 iu
310 3562 448 3617 Thraciam
461 3564 573 3629 advecti,
591 3564 737 3633 vigentibus
752 3564 902 3635 praesertim
916 3562 1062 3632 tegetibus,
1079 3579 1156 3632 agros
1171 3561 1296 3616 incende-

186 3582 259 3695 bant,
277 3630 390 3685 iumenta
401 3632 548 3701 abigebant,
566 3634 637 3686 viroa
651 3632 821 3705 mulieresque
834 3630 860 3687 in
872 3632 1025 3685 servitutem
1037 3631 1198 3699 redigebant,
1211 3630 1296 3683 omnia

187 3702 299 3770 (lenique
313 3702 478 3755 acerbissima
490 3704 690 3772 perpetrabant3
707 3702 745 3757 uic
759 3712 788 3756 ut
801 3704 859 3772 agri
872 3702 968 3755 deserti
982 3707 1009 3753 et
1023 3700 1112 3752 inculti
1123 3708 1297 3754 remanerent.

186 3768 275 3823 Prima
288 3770 354 3823 baec
368 3769 446 3839 igitur
457 3772 524 3823 ratio
538 3770 648 3837 exstitit,
661 3786 708 3825 our
720 3772 787 3825 sume
800 3770 908 3825 Romani
922 3778 1084 3838 urgerentur.
1109 3770 1198 3822 Altera
1210 3776 1297 3822 autem

187 3848 217 3892 et
228 3838 350 3907 gravior,
368 3842 437 3908 quod
454 3840 583 3892 frumenta
594 3840 665 3923 mat
682 3858 755 3925 quae·
765 3840 883 3923 nolebant
898 3840 931 3893 ab
944 3839 1047 3891 Euxino
1063 3844 1140 3921 ponto
1176 3837 1297 3891 trutannia

187 3925 345 4030 illiti?
357 3906 1121 4049 lttll‘tilltballlttlllfftltttttlttlllb
1141 3904 1300 4043 ιάζλξέίζ

187 4044 321 4115 distatque
334 4063 350 4098 a
365 4046 493 4099 Maeotica
505 4046 623 4116 Bosporo
641 4064 711 4100 ιισσσ
730 4046 837 4111 stadiia,
855 4042 906 4099 uita
926 4052 1035 4117 propter
1056 4044 1187 4097 aiuiatrum
1200 4040 1299 4095 Euxini

207 4115 263 4166 onti
281 4116 364 4178 latua,
388 4116 410 4167 ai
430 4116 489 4185 quie
508 4132 536 4167 ae
555 4116 708 4169 tentrioneru
726 4134 817 4169 vernus
831 4116 956 4185 navigare
970 4130 1001 4167 ae
1022 4109 1150 4167 borealem
1169 4114 1253 4183 polum
1272 4116 1300 4178 qt

189 4132 299 4237 ilelioen
317 4184 413 4237 babere
433 4182 466 4235 ob
486 4133 572 4237 omia
590 4182 660 4238 velit.
697 4186 761 4237 Cum
780 4184 846 4237 enim
868 4201 955 4237 omnen
970 4182 1073 4247 Latini,
1097 4201 1128 4235 ac
1146 4176 1299 4258 praesertim

190 4252 357 4315 Genuenm,
374 4253 453 4305 vitam
466 4248 640 4321 utplurimum
656 4260 736 4322 agant
749 4262 910 4307 mereaturae
925 4258 954 4305 et
965 4246 1158 4319 navigationum
1169 4246 1300 4300 laboribua

189 4328 325 4387 veroum,
342 4326 422 4393 atque
436 4320 498 4375 inde
511 4320 644 4393 pecuniam
661 4328 757 4393 cogant
771 4328 823 4377 tam
838 4320 966 4393 publicam
981 4336 1057 4389 quam
1070 4318 1215 4388 privatam,
1232 4330 1300 4367 eom·
