3067 4792
267 237 345 311 770
429 271 434 283 ·
581 244 817 317 NICEPHORI
836 246 1080 317 candeant:

103 424 132 477 Δ.
145 409 351 479 noussen&
372 406 461 496 ἦμάν
481 405 620 497 ἓωράτο,
647 413 699 477 καί
718 411 817 479 πολύν
839 411 996 479 ὠδίνουσα
1014 412 1071 481 vir
1092 410 1217 497 θυμάν,
1239 412 1292 479 καί
1310 408 1376 496 μά·

136 492 234 549 “⁴⁸¹5
268 514 361 582 λιυθ’
386 512 435 581 ὅτι
456 516 507 578 καὶ
529 514 604 591 τούς
617 515 904 599 παρακαθημένους
930 512 1127 601 ύπηχοῦντας
1143 513 1203 600 εἶχε
1222 519 1274 581 καί
1294 514 1376 605 σφύ-

268 622 330 707 δρα
356 617 594 705 ἐπικρατοῦντας
619 615 862 703 κολακικάτερον
880 617 1007 706 τρόπον.
1044 620 1093 685 διὸ
1117 622 1170 685 καὶ
1192 626 1295 695 κακιῦς
1317 620 1375 703 μίν

267 721 371 809 άφίει,
398 720 546 806 κρατερὸν
560 722 580 785 δ
584 719 593 745 ‘
612 722 661 785 ἐπὶ
677 726 784 805 μῦθον
798 721 932 804 ἔτελλεν,
953 721 1107 809 ἔγγραφον
1120 724 1178 808 τὴν
1190 722 1267 807 ἐμὴν
1278 722 1374 789 άπαι-

263 832 364 891 τοῦσα
377 822 502 911 γνώμην
512 822 545 889 ἓν
556 829 601 913 rui
617 822 746 905 αὐτίκα,
774 820 818 899 ὥς
832 822 870 889 dv
885 823 1085 913 βεβαιότερον
1097 826 1260 911 ἀντιλέγειν
1276 825 1400 911 ἴχαιενε

233 929 298 997 not
316 926 434 1011 ταύτης
454 922 634 1013 ὁμόφρονες.
676 924 743 1016 (ς’.)
771 931 836 993 Καὶ
859 929 951 995 τοῦτ’
974 928 1074 1010 ἔστιν,
1104 928 1121 995 ὃ
1144 932 1197 995 καὶ
1215 927 1273 1011 τὴν
1294 928 1374 1013 ἐμὴν
1416 918 1419 926 ’

263 1032 344 1119 πρδς
357 1028 492 1117 άνάγκας
508 1030 582 1105 ἴσως
595 1027 803 1118 direptione
816 1030 920 1116 ἤνεγκε
934 1037 1092 1119 γλῶτταν,
1109 1033 1204 1098 ἐνίοτε
1220 1033 1272 1096 καί
1289 1033 1373 1097 ἔνια·

261 1141 322 1220 χοῦ
336 1130 423 1217 μάλα
435 1159 483 1199 τοι
497 1129 621 1220 σφόδρα
635 1135 780 1219 γενναίως
793 1136 842 1199 dul
854 1142 900 1224 τῷ
913 1138 1049 1225 θεμελάρ
1068 1142 1124 1219 τῆς
1139 1134 1307 1225 δεδομένης
1320 1133 1373 1200 εύ-

264 1238 386 1322 σεβείας
402 1239 557 1303 ἵστασθαι
572 1242 800 1322 παραινοῦντος
813 1237 887 1313 τούς
904 1236 1091 1325 προσιόντας
1098 1287 1109 1318 ,
1132 1241 1184 1303 καὶ
1198 1236 1281 1321 μηδ’
1299 1236 1372 1323 άχρι

264 1348 394 1428 στιγμῆς
417 1350 487 1415 ταῖς
506 1339 669 1424 τηνικαῦτ’
699 1339 958 1420 ἔπιπολαζούσαις
977 1342 1198 1429 καινοφωνίοιις
1216 1341 1371 1425 ἐγκλίνειν,
1381 1351 1416 1407 10

263 1444 475 1530 μεμνημένους
495 1448 559 1509 τιῦν
581 1442 779 1527 εύαγγελικιῦν
801 1469 836 1509 τε
852 1447 904 1509 καὶ
920 1444 1134 1510 άποστολικιῦν
1153 1443 1371 1530 παραινίσιων·

233 1550 316 1615 Exul
329 1546 389 1615 dou
406 1543 531 1631 ῦμίγας
546 1546 578 1611 ἔν
592 1547 739 1636 θεολογίρ
753 1551 784 1613 Γ
781 1544 924 1635 ρηγάριος
929 1598 940 1628 ,
966 1548 1000 1624 ίς
1012 1547 1072 1623 τάς
1087 1542 1198 1630 ῦμοίας
1211 1547 1374 1630 ἐμπεπτω·

264 1652 327 1727 κὼς
347 1646 539 1738 περιστάσεις
553 1655 610 1733 τῆς
625 1651 798 1733 ἐκκλησίας,
818 1651 976 1727 διίξεισιν·
1002 1648 1118 1735 ,ἡμεῖς
1132 1647 1256 1738 (λέγειν)
1278 1650 1308 1715 oi
1319 1650 1374 1715 καί

263 1757 352 1841 μέχρι
364 1761 422 1839 τῆς
433 1749 588 1837 τυχούσης
601 1754 725 1840 κεραίας
738 1756 790 1819 καὶ
799 1761 945 1839 γραμμῆς
957 1760 1014 1819 τοῦ
1026 1750 1200 1835 πνεύματος
1213 1752 1270 1837 τὴν
1283 1751 1374 1838 άιιρί-

263 1866 351 1943 βειαν
380 1858 517 1933 lituum
538 1856 650 1923 οῦποτε
674 1854 830 1939 δεξόμεθα
859 1854 912 1944 (ού
932 1856 994 1943 γάρ
1014 1854 1113 1942 ὅσιον)
1137 1854 1211 1923 οῦδὲ
1227 1855 1422 1931 salcido-td

260 1964 372 2047 χίστας
393 1956 518 2046 πράξεις
537 1962 601 2043 εἰκῆ
622 1960 862 2043 σπουδασθῆναι
883 1969 951 2035 τοῖς
969 1956 1191 2045 ἀναγράψασι,
1219 1961 1270 2023 καὶ
1281 1958 1373 2044 μέχρι

262 2070 320 2131 τοῦ
336 2060 492 2149 παρόντος
501 2059 608 2148 μνήμῃ
623 2064 838 2145 διασωθῆναι·
856 2062 927 2127 ἀλλ’
941 2062 986 2128 ’ἶν’
999 2058 1087 2147 ἡμεῖς
1100 2062 1216 2146 ἔχωμεν
1228 2056 1372 2144 ῦπομνή-

160 2176 349 2251 Ὺ.891ματα
364 2168 415 2231 καί
432 2162 628 2247 παιδεύματα
643 2171 701 2249 τῆς
716 2171 779 2230 τῶν
793 2162 929 2248 ὁμοίων,
954 2165 987 2231 εἴ
995 2190 1071 2231 ποτε
1088 2165 1242 2247 συμπίσοι
1251 2163 1370 2251 καιρδς,

234 2270 470 2351 θδιασκίψεως·
498 2265 577 2336 ὥστε
599 2268 718 2351 τὰμὲν
736 2265 879 2355 φεύγειν,
901 2267 943 2334 τά
963 2268 997 2335 δ’
1022 2269 1180 2356 αἱρεῖσθαι
1187 2315 1199 2347 ,
1226 2263 1293 2333 οἷον
1313 2292 1372 2333 κα-

258 2370 327 2442 νύσι
341 2374 401 2439 τισί
417 2374 469 2437 καὶ
482 2368 607 2454 τύποις,
628 2381 697 2448 ’τοῖς
714 2376 927 2458 προλαβοῦσα
946 2368 1088 2456 ἓπύμενοι
1101 2372 1330 2457 παραδείγμασι
1340 2369 1414 2441 ‘''20

259 2479 311 2543 καὶ
333 2474 394 2543 ὅσα
415 2471 529 2558 ὁμοίως
554 2472 571 2542 ὅ
594 2474 689 2561 μίγας
710 2477 874 2551 Boudoros
893 2475 926 2539 ἐν
944 2481 991 2565 τῷ
1011 2478 1080 2561 περὶ
1101 2476 1232 2550 πίστεως
1255 2472 1370 2560 ἔφασκε

260 2577 353 2669 λόγῳ,
375 2581 539 2667 φείδεσθαι
551 2583 710 2663 παραινῶν
722 2580 774 2642 καὶ
785 2584 851 2644 τῶν
863 2574 1026 2661 ὀνομάτων
1037 2577 1058 2662 ἢ
1073 2573 1221 2665 ῥημάτων
1237 2576 1369 2656 ἐκείνων,

259 2682 393 2763 diffres
410 2682 467 2767 μὲν
481 2678 538 2749 oda
557 2681 721 2771 ἐμφίρεται
736 2686 776 2769 τῇ
796 2683 871 2774 θείρ
883 2686 1010 2771 γραφῇ,
1032 2676 1171 2747 διάνοιάν
1182 2704 1217 2766 γε
1226 2680 1292 2763 μην
1310 2677 1368 2745 αῦ-

262 2880 368 2937 ell'srari
380 2880 438 2935 risa
450 2882 501 2947 ast,
517 2882 544 2932 et
557 2879 661 2933 multam
674 2878 739 2934 iram
752 2876 898 2963 partorira3
915 2876 996 2948 idque
1007 2894 1038 2932 eo
1048 2878 1167 2945 maxime,
1183 2877 1254 2949 quod
1268 2876 1314 2948 qui
1326 2894 1369 2933 aa·

262 2951 383 3007 sidebant
399 2950 424 3004 ei
442 2948 604 3013 cecinerant,
623 2953 650 3001 et
662 2948 798 3001 immodica
811 2947 958 3001 adulatione
972 2946 1165 3017 applauderent.
1199 2946 1301 3005 Idcirco

450 3017 615 3087 Dimittitqua
627 3019 755 3099 superba,
773 3016 898 3087 additque
911 3017 982 3070 haud
998 3015 1083 3070 mollia
1097 3016 1178 3081 iussa,

261 3104 343 3144 meam
355 3090 386 3141 ut
397 3087 549 3141 sententiam
562 3086 697 3139 conleatnn
709 3086 809 3156 scripto
822 3086 952 3139 traderem
966 3085 1123 3155 efflagitans,
1139 3103 1192 3155 quo
1204 3090 1312 3169 possent
1324 3084 1370 3139 dr-

261 3156 327 3211 rniua
341 3156 521 3209 contradicere
534 3154 563 3218 ii,
575 3156 620 3225 qui
637 3173 691 3207 curn
705 3172 735 3208 ea
748 3155 883 3209 sarttirent.
917 3153 993 3274 dm
1011 3158 1095 3224 Atque
1106 3154 1171 3207 illud
1185 3154 1308 3208 videlicet
1321 3172 1368 3207 ue·

261 3224 390 3280 acuitatis
409 3226 477 3289 init,
494 3223 561 3307 quod
577 3230 604 3277 et
622 3241 662 3277 rna
679 3224 763 3292 ipsum
782 3223 815 3277 ad
833 3228 923 3276 contra
941 3223 1057 3275 luendum
1072 3223 1189 3292 impulit,
1206 3241 1262 3277 carro
1277 3223 1368 3276 obvios

260 3311 392 3365 quosque,
414 3299 445 3346 ut
461 3292 595 3361 religionis
611 3291 660 3345 sibi
680 3292 793 3346 traditae
812 3292 984 3345 fundamentis
1003 3292 1152 3344 insisterent
1169 3308 1262 3360 magno
1283 3292 1367 3343 animo

260 3380 440 3433 nonnunquam
453 3368 482 3415 et
495 3361 589 3418 alicubi
609 3362 744 3425 hortarer,
761 3369 841 3430 atque
856 3371 884 3415 ut
901 3378 934 3413 ne
970 3368 1046 3413 uncto
1062 3361 1164 3430 quidem
1177 3370 1251 3414 oenus
1265 3359 1298 3411 ad
1311 3376 1367 3424 aas,

260 3440 399 3505 quactum
417 3430 578 3502 gliscebant,
597 3428 741 3501 opinionum
757 3430 887 3484 novitates
902 3429 936 3483 da
961 3430 1076 3492 'narem
1093 3428 1139 3482 sed
1155 3438 1184 3481 ut
1204 3428 1369 3498 evangelicas

260 3510 288 3556 at
299 3501 454 3573 apostolicas
467 3498 651 3553 admonitiones
669 3500 903 3562 reminiscerentur,
920 3505 1028 3569 atquae
1041 3516 1149 3569 magnus
1161 3496 1307 3566 theologiae
1320 3497 1368 3551 do-

260 3578 318 3625 otor
331 3571 477 3639 Gregorius
490 3568 621 3633 disseruit,
634 3586 690 3622 cum
702 3569 731 3621 io
742 3569 835 3623 similia
847 3568 982 3637 religionis
994 3576 1110 3636 tempora
1121 3566 1265 3619 incidisset.
1291 3567 1369 3631 „Nos

258 3636 1265 3773 l'ttllwttttttffltlt‘lllztltltl<tllltttlltttl
1279 3652 1370 3757 tlt

259 3724 455 3831 minimisgddtis
477 3744 657 3840 recensendis,
681 3725 818 3846 agrumque
836 3773 956 3828 memoria
976 3791 993 3826 a
1032 3790 1155 3845 praesens
1175 3781 1370 3843 usquetenapus

259 3844 446 3908 conservanda,
464 3850 561 3897 temera
574 3845 722 3898 elaborasse
735 3863 789 3910 eos,
804 3845 849 3914 qui
863 3844 1036 3926 scripserunt3
1054 3842 1102 3897 sed
1115 3860 1146 3894 eo
1158 3848 1247 3894 utnon
1260 3842 1370 3895 habore-

259 3932 315 3969 tuua
329 3913 482 3967 monimenta
496 3919 525 3965 et
537 3914 699 3978 documenta,
716 3914 812 3983 quibus
825 3914 851 3967 in
866 3910 985 3965 similium
1000 3928 1085 3965 rerunt
1100 3912 1266 3974 undatione,
1283 3910 1306 3962 si
1320 3926 1369 3963 un·

260 4000 336 4055 quarn
352 3981 479 4036 inciderat
493 3983 605 4047 occasio,
616 3990 760 4037 uteremurs
778 3984 817 4037 ita
828 3990 859 4036 ut
871 3980 1015 4053 praeterita
1029 3978 1145 4049 exempla
1158 3988 1202 4033 tan
1220 3995 1277 4032 uun
1290 3994 1370 4048 regu-

260 4054 300 4107 las
313 4060 342 4106 et
356 4052 512 4123 uohetypos
526 4052 600 4112 nobis
616 4052 795 4122 proponendo,
811 4052 880 4104 haec
891 4049 994 4121 quidem
1007 4050 1171 4118 lugeremus,
1187 4048 1195 4062 ‘
1216 4065 1233 4101 a
1246 4064 1307 4101 vero
1322 4046 1370 4101 eli·

259 4119 411 4192 geremari’:
430 4130 537 4191 atquae
551 4120 650 4191 pariter
664 4138 771 4189 magnus
780 4120 894 4174 Basilius
908 4119 1053 4188 disputavit
1068 4117 1096 4171 in
1110 4135 1159 4183 ea,
1172 4134 1247 4187 quatu
1261 4116 1370 4170 tortos

261 4190 379 4261 scripsit,
393 4188 525 4243 orationes
560 4190 697 4244 arcendum
706 4206 814 4244 monens
827 4190 862 4243 iis
875 4206 980 4260 qnoque
993 4186 1138 4241 nominibus
1152 4185 1285 4249 etrerbis,
1301 4200 1370 4255 quaa

259 4258 287 4313 in
299 4276 375 4315 saon
387 4258 525 4332 Scriptura
559 4260 567 4275 ‘
654 4258 757 4331 quiden
770 4263 799 4315 et
814 4274 939 4331 expressa
951 4272 1003 4311 noa
1016 4262 1136 4321 munt,
1153 4254 1205 4309 rin
1217 4260 1301 4309 auten
1312 4270 1370 4308 eaor
