3067 4792
504 294 875 392 '‘moranones.
1155 308 1257 389 aeae

112 477 155 539 eb
166 477 233 540 'allis
244 477 360 556 hctus,
383 496 553 559 quenquam
568 478 659 540 iidem
675 488 797 560 postea,
819 480 885 541 eius
907 480 1087 542 testimoniis
1106 482 1144 542 ad
1169 502 1259 543 suum

114 584 237 627 sensum
264 564 509 643 accommodatis,
536 564 620 626 miris
643 566 785 625 laudibus
808 567 907 645 ipsum
927 569 1109 628 ornaverint.
1152 567 1261 630 Exstat

116 652 200 733 apud
219 651 384 729 Greqomm
399 651 430 709 in
451 650 529 711 libro
545 652 680 712 nandum
702 652 783 712 edito
798 646 889 736 (Cod
904 654 976 731 neg:
992 656 1087 721 2952.
1100 656 1154 715 iol.
1173 650 1261 735 157.)

116 737 219 817 gravis
233 737 355 815 querela
367 734 405 795 de
419 736 564 797 Palamita
578 736 706 819 quodam
714 782 723 814 ‚
746 737 800 819 qui
821 738 859 798 de
873 736 1033 799 Theodoro
1052 740 1166 820 Grapto
1179 750 1210 799 et
1223 740 1262 799 de

116 822 186 885 eius
201 818 288 883 libris
300 842 360 881 non
377 822 449 881 satis
460 832 635 883 reverenter
651 824 835 902 loqueretur.
876 821 980 907 Ecqua
993 828 1070 884 enim
1091 825 1264 905 (inquiebat

120 906 261 968 Palamaa
282 910 426 983 sectator)
454 909 535 967 nouit
557 905 643 967 illum
660 906 811 971 ecclesia?
833 905 908 987 Quis
921 922 1086 969 nostrorum
1101 908 1184 971 illias
1202 934 1264 969 un·

116 1012 211 1077 mam
232 988 389 1053 meminit?
416 992 492 1051 Tum
514 992 659 1069 addebat,
681 1014 870 1076 quaecunque
887 996 1032 1053 uconua
1048 993 1265 1055 iconomachos

118 1078 235 1156 scripte
248 1076 445 1155 composuisse
459 1073 611 1153 diceretur,
634 1100 668 1137 ea
682 1077 829 1138 erroribus
838 1080 1022 1158 gravissimis
1031 1094 1152 1140 scatere.
1176 1075 1266 1159 Quod

120 1163 150 1222 ai
164 1158 221 1221 alie·
235 1163 368 1243 quipiam
382 1158 527 1222 nohnullu
540 1166 768 1223 interseruissem
785 1166 887 1241 spurio
903 1177 931 1221 et
951 1166 1156 1245 supposititia,
1178 1179 1206 1223 et
1228 1166 1267 1224 iis

118 1266 227 1307 montera
245 1243 330 1306 illiue
353 1246 584 1329 manumissent,
615 1250 710 1327 ipsum
733 1246 851 1331 quidem
869 1247 1094 1328 irreprehensum
1112 1248 1268 1334 saturum,

121 1352 183 1391 non
197 1333 266 1390 item
279 1331 339 1390 sisse
353 1326 466 1393 lihroar
486 1334 532 1391 sin
547 1354 583 1391 eu
595 1334 656 1391 eius
667 1348 758 1391 essent
772 1335 868 1412 reipsa
882 1346 909 1391 et
924 1328 1105 1407 indubitate,
1127 1335 1187 1391 iam
1203 1356 1269 1392 eum

121 1412 216 1477 οἰοιοῖ
234 1438 299 1476 cum
317 1412 402 1475 libris
416 1415 619 1491 reiiciendum,
641 1430 668 1475 et
685 1418 717 1477 in
733 1416 943 1478 haereticorum
957 1438 1076 1478 numero
1091 1416 1269 1497 pariendum.

121 1500 209 1562 Haec
221 1498 366 1561 Palsmita
381 1500 449 1575 ille,
471 1501 503 1561 iu
516 1522 605 1581 quern
620 1502 770 1581 Gregoraa
782 1502 903 1561 acribus
915 1500 1018 1560 verbis
1033 1500 1207 1576 invehitur,
1229 1502 1271 1561 ad

124 1579 367 1645 Centacusenum
387 1586 488 1666 ipsum
505 1606 679 1650 conversus.
724 1584 851 1670 Ecquem
877 1583 938 1659 Tu,
960 1585 1075 1667 inquit,
1097 1583 1176 1647 hunc
1191 1584 1271 1645 dere.

123 1684 210 1753 pente
223 1673 255 1730 in
274 1685 410 1732 sunctum
428 1668 513 1731 illum
530 1672 648 1732 Putrem
663 1674 879 1754 sapientemque
891 1666 1039 1730 doctorem
1051 1692 1152 1730 armus
1164 1693 1271 1730 nouum

125 1754 362 1829 Archilochum,
383 1776 422 1815 cc
434 1758 534 1836 potius
545 1756 726 1818 Archilochi
737 1752 881 1817 simium?
902 1797 943 1818 ...
968 1752 1029 1817 Gur
1041 1754 1113 1816 hacc
1121 1770 1274 1838 praesente

126 1852 157 1899 te
176 1838 390 1900 abiectissimus
394 1836 638 1924 furibundusque
651 1838 847 1903 homunculus
866 1837 1020 1904 euomuit?
1040 1851 1104 1902 etc.·
1140 1841 1275 1915 (Videat

128 1934 269 1984 annotata
287 1924 364 1983 inira
379 1926 417 1983 ad
432 1944 500 2005 pag.
518 1930 590 1991 598.
606 1925 652 2005 F.)
694 1928 760 1986 Non
774 1926 884 1985 mirum
897 1925 1000 2004 itaque
1012 1924 1149 1985 homines
1161 1926 1275 2005 impro-

127 2010 201 2085 bos,
232 2010 336 2088 quales
365 2008 409 2069 illi
430 2010 572 2070 videnlur
599 2012 709 2088 fuisse,
736 2010 970 2070 vetustissimum
993 2012 1135 2071 codicem
1161 2020 1275 2086 nactos,

124 2096 181 2155 eui
196 2095 330 2155 auctoris
350 2116 457 2155 nomeu
476 2114 535 2154 non
554 2105 630 2155 asset
645 2094 844 2177 inscriptum,
866 2116 975 2156 nomen
993 2096 1169 2177 praefixisse
1186 2094 1275 2171 illud,

130 2180 215 2261 quod
230 2180 452 2241 arbitrarentur
463 2183 665 2261 contemptius
679 2182 898 2261 obscuriusque
907 2201 981 2258 esse,
1003 2203 1093 2262 quam
1108 2190 1142 2240 ut
1155 2200 1277 2259 magnae

131 2274 239 2325 contra
258 2286 308 2324 ans
324 2266 591 2327 auctoritatis-asae
603 2278 714 2347 posset.
747 2269 788 2327 Ut
801 2278 837 2327 ut
849 2268 901 2344 sit,
922 2268 1112 2328 menifestum
1129 2277 1209 2328 certe
1222 2276 1278 2341 est,

126 2350 346 2433 interpolatum
369 2351 462 2411 luisse
479 2350 600 2415 Codicis
620 2352 817 2432 antiquissimi
835 2354 977 2428 titulum,
998 2353 1192 2432 additumque
1213 2372 1280 2412 ease

131 2436 295 2498 recentiori
315 2456 415 2514 manu,
435 2444 470 2495 ut
484 2436 632 2511 diximus,
653 2460 717 2499 eam
737 2438 856 2514 lineam,
875 2440 907 2497 in
922 2458 981 2518 qua
994 2432 1153 2499 'Theodori
1172 2437 1280 2517 Grapti

132 2542 242 2583 nomen
258 2521 382 2599 legitur.
425 2522 569 2602 Superest
591 2522 649 2583 iam
666 2534 701 2583 ut
723 2523 931 2593 ostendamus,
953 2523 1118 2597 librorum,
1140 2544 1177 2582 eo
1193 2523 1282 2581 rolu-

132 2607 214 2669 mine
240 2606 547 2685 comprehensorum,
577 2618 730 2669 auctorem
760 2628 825 2667 ease
844 2606 1046 2688 patriarcham
1066 2606 1281 2687 Nicephorum.

134 2694 236 2755 Primo
252 2700 371 2752 coarstat
385 2690 589 2771 Nicephorum
611 2694 708 2753 multa
724 2714 782 2775 pro
803 2692 981 2771 imaginibus
1002 2703 1108 2753 contra
1127 2695 1282 2753 iconoma-

136 2774 211 2839 chos
236 2776 327 2837 variis
349 2776 535 2859 temporibus
556 2776 667 2855 scripta
698 2778 838 2839 edidisse.
881 2776 1013 2853 ignatius
1036 2779 1202 2853 Diaconus,
1231 2776 1284 2855 qui

136 2864 200 2927 eiua
217 2862 308 2925 vitam
323 2862 453 2943 scripsit,
477 2880 544 2922 eum
559 2863 602 2921 ait
613 2862 766 2942 aliquanto
778 2874 848 2943 post
861 2864 1020 2924 Nicoenam
1034 2864 1199 2944 synodum,
1215 2883 1284 2922 cum

137 2958 218 3011 esset
250 2946 351 3009 adhuc
369 2951 482 3023 laicus,
511 2948 540 3007 in
563 2947 634 3007 fidei
657 2946 757 3009 bostes
778 2950 987 3012 insurrexisse.
1008 2943 1075 3012 sdes
1092 2944 1148 3031 δή,
1175 2949 1286 3029 inquit,

137 3034 190 3099 nul
205 3032 224 3096 d
237 3033 328 3117 μέγας
341 3028 541 3113 Νικηφόρος,
561 3029 598 3096 ecl
615 3034 703 3115 νίκης
718 3030 933 3117 ἐπιφερόμενος
947 3029 1113 3116 οήμνντρα,
1134 3032 1209 3097 κατὰ
1225 3038 1287 3097 τῶν

134 3123 195 3203 ,τῆς
213 3122 342 3194 πίστεως
369 3113 541 3183 ἀντιπάλων
563 3114 653 3202 acala
683 3142 712 3183 τι
739 3118 793 3183 nel
821 3112 1164 3203 mimitemelae
1189 3118 1288 3200 pilae,

138 3200 275 3288 Χοιστὸν
309 3202 388 3269 εἶναι
418 3198 619 3285 πιστούμενος
646 3200 868 3287 ἅπερίγρατττον
897 3202 972 3268 aurai
999 3202 1033 3270 ad
1055 3208 1112 3285 τῆς
1132 3202 1289 3286 θεότητος,

141 3290 263 3355 dehetis·
293 3289 346 3355 aui
367 3284 543 3368 α’νέττοφον·
580 3288 782 3373 περιμμντττόν
809 3289 842 3353 dl
862 3289 914 3353 sul
933 3286 1065 3374 yprensis
1085 3286 1160 3353 aurai
1180 3288 1213 3354 τὸ
1234 3295 1290 3370 τῆς

141 3369 392 3457 ἆνθροοττὸτητος,
421 3370 515 3439 sintin
535 3398 567 3437 τε
588 3375 640 3438 acl
665 3372 834 3455 σύνθετον,
869 3370 916 3451 οἷς
935 3374 969 3440 τό
993 3376 1194 3451 οἰωνίζεσθαι
1216 3377 1291 3451 ἄρα·

142 3455 241 3543 (νότος
263 3456 517 3541 immutabilium.
563 3460 680 3537 Quibus
694 3462 801 3541 ignatii
818 3462 922 3523 verbis
940 3461 1066 3522 indicari
1083 3470 1158 3541 puto
1172 3456 1292 3542 Apolo-

140 3548 225 3627 εἰσιν
238 3570 293 3627 pra
311 3544 391 3608 Fide,
435 3547 471 3606 ln
487 3544 639 3626 synodica
653 3548 791 3628 Epistola
810 3547 1009 3609 Orientalium
1024 3548 1062 3607 ad
1081 3546 1292 3627 imperatorem

143 3630 349 3711 Theophilum
377 3643 560 3692 memoratur
585 3632 661 3694 liber
683 3643 789 3693 contra
815 3633 926 3694 Christi
958 3633 1116 3713 imaginem
1140 3655 1156 3692 a
1182 3634 1294 3693 Ioanne

145 3715 320 3793 Anagnosta
346 3718 461 3793 editus,
496 3716 638 3795 idemque
662 3740 679 3779 a
699 3716 873 3799 Nicephoro
892 3720 1050 3782 refutatus.
1093 3716 1294 3799 Theophanes

146 3804 310 3862 consessor
340 3800 485 3880 integram
511 3804 548 3863 de
575 3804 759 3885 Ccpronymi
783 3804 870 3863 obitu
890 3806 1107 3882 narrationem,
1139 3825 1177 3866 ex
1203 3804 1295 3864 tertio

146 3897 253 3947 contra
284 3889 477 3949 blainmonam
499 3888 702 3949 Antirrbetico
726 3891 917 3965 translatam,
942 3889 1097 3951 Chronico
1128 3910 1186 3949 suo
1211 3890 1297 3947 inae-

146 3974 228 4048 'ruit3
252 3983 343 4053 atque
359 3975 423 4033 eius
445 3974 621 4034 narrationis
637 3984 745 4034 auctor
756 3976 789 4033 in
804 3974 917 4034 Codice
932 3976 1098 4056 loyeuaano
1109 3972 1298 4054 Nicephorus

146 4058 320 4140 patriarcha
348 4058 514 4137 indicatur,
549 4065 627 4121 teste
647 4060 783 4123 Petavio.
827 4060 904 4120 Vide
930 4062 1114 4138 fragmenta,
1143 4058 1298 4119 Breviario

147 4144 302 4203 Chronico
324 4144 492 4227 Nicephorl
511 4145 707 4225 patriarchae*
722 4146 898 4220 subiuncta,
919 4147 1050 4208 Edition.
1080 4148 1181 4205 Petav.
1223 4146 1300 4202 Cum

146 4229 263 4289 Codice
287 4231 455 4311 loyeuaano
481 4232 630 4291 consentit
655 4230 784 4294 Michail
806 4232 935 4311 Glycas,
965 4231 1125 4291 Annalium
1149 4238 1236 4310 parte
1263 4228 1301 4292 ll.

150 4334 221 4396 1²⁸8.
246 4320 317 4383 157.
346 4316 427 4381 Edit.
452 4318 523 4399 lleg.
541 4316 594 4377 ubi
611 4328 755 4401 excerpta
775 4336 814 4381 ex
828 4318 963 4380 secundo
984 4327 1091 4395 contra
1105 4316 1302 4379 blammonam
