3067 4792
281 285 360 360 nou
591 293 830 364 memnoni
849 293 1093 396 eneconem

116 479 145 531 Α.
159 477 193 530 tt
203 457 459 545 θὸὅοίιναίμακτα
466 464 648 548 κατορθοῦν
661 461 852 546 μεμελέτηκα
866 458 1012 549 τρύπαια.
1040 457 1058 526 δ
1073 457 1109 525 δ’
1125 459 1235 548 ἐφεξῆς
1248 459 1397 530 oronte

151 547 203 602 Μ·
214 549 249 602 ¹⁰
282 565 453 650 λεγομένων
471 561 539 647 ἅμα
555 559 789 650 καλδριομίνων
802 573 911 652 σοφῶς
934 562 1182 651 διαζευγραφήσει
1200 565 1259 650 τήν
1272 591 1397 653 μαρτυ-

283 667 386 756 ρίαν.”
408 666 494 733 Ἀλλ’
514 664 532 732 ὁ
555 667 612 750 μίν
629 668 890 751 Καντακουζηνδς
909 675 1050 744 τοιοῦτος
1068 668 1145 745 τίσις
1163 668 1238 745 τούς
1259 666 1397 756 τρόπους

282 767 446 858 ἐτύγχανεν
463 768 524 851 ὢν,
553 772 605 834 καλ
625 777 755 836 τοιαῦτα
772 772 867 858 λέγων
884 773 936 836 καλ
956 768 1104 858 πράττων
1124 772 1256 838 διετέλει.

188 898 282 963 l>³74
363 904 410 974 θ’.
433 905 512 992 Ἐγῶ
529 905 563 970 δ’
579 907 672 972 ίκεῖσε
687 901 824 988 ἐπάνειμι
832 957 842 987 ,
868 908 1144 996 λεπτομερέστερον
1160 906 1419 996 δρηγησύμενος5

284 1011 411 1078 {isauron
434 1007 625 1086 Ἅπύκαυιιος
641 1009 700 1095 γὰρ
721 1012 833 1087 ἐκεῖνος
850 1007 866 1077 ὅ
886 1009 990 1077 πάντα
1015 1012 1114 1089 δεινδς
1131 1014 1174 1088 είς
1196 1014 1331 1078 ίπίνοιιιν
1344 1017 1398 1078 καλ

285 1109 584 1200 πολυτροπιύτατος,
613 1113 715 1196 ἐπειδὴ
731 1112 925 1199 συγκυκήσας
943 1113 1086 1195 ἅπαντα,
1108 1115 1163 1180 ἵνα
1183 1116 1239 1181 τὸν
1259 1115 1397 1201 ἄρχοντα

284 1213 581 1304 παρακρουσάμενος
606 1214 700 1292 αύτδς
716 1218 809 1303 ἐπιβῇ
824 1225 881 1302 τῆς
893 1217 1008 1302 ἀρχῆς,
1037 1216 1125 1306 (ὅπερ
1145 1217 1184 1302 δή
1207 1221 1258 1284 καὶ
1283 1216 1396 1302 τοιχιύ-

285 1343 373 1408 ρυχοι
388 1316 507 1408 νύκτωρ
520 1321 571 1384 καί
585 1321 697 1406 λῃσταί
711 1328 862 1402 ποιοῦσιν,
891 1321 929 1386 οὗ
945 1318 1094 1408 πρότερον
1107 1321 1148 1386 τὰ
1161 1323 1194 1386 ἓν
1209 1323 1290 1412 οἰκίη
1306 1325 1396 1408 διαρ-

284 1422 389 1503 πάζειν
406 1421 524 1508 ἔχοντες
543 1421 693 1506 εύχερῶς,
720 1427 793 1510 πρὶν
809 1422 848 1489 ἂν
862 1423 898 1489 τὸ
922 1426 954 1489 ἔν
972 1424 1052 1510 αὐτῇ
1067 1425 1283 1506 κατασβίσιοσι
1299 1423 1395 1511 φῶς,)
1406 1439 1442 1491 10

284 1525 422 1612 ἠλέγχθη
431 1575 441 1606 ,
469 1523 670 1610 κατεγνώσθη
685 1527 742 1609 μὲν
751 1576 763 1607 ,
792 1527 881 1591 οὐδὲν
903 1526 937 1590 δ’
958 1524 1044 1604 δι”ξιον
1060 1529 1103 1604 είς
1117 1527 1253 1612 ἀμοιβὴν
1264 1534 1322 1611 τῆς
1338 1527 1398 1592 αὖ·
1494 1557 1503 1577 ·

258 1637 346 1696 Βτοῦ
370 1630 479 1705 κακίας
507 1625 667 1714 ιἰπήλαυσε
691 1628 770 1716 πρὸς
792 1629 916 1696 ἐκείνου.
946 1628 1030 1712 ὅμως
1055 1629 1150 1706 αὐτὸς
1162 1627 1225 1717 ὑφ’
1250 1627 1347 1696 αύτοῦ
1363 1655 1397 1695 τε

287 1733 466 1818 αϊσχυνθεὶς
492 1735 542 1797 καὶ
561 1733 680 1812 δείσας,
700 1731 745 1818 μὴ
766 1731 802 1797 τὸ
816 1730 1026 1818 μακρύθυμον
1041 1731 1106 1814 ὀψέ
1118 1758 1192 1797 ποτε
1218 1732 1398 1821 ἀπορρίψας

284 1841 331 1926 τῷ
349 1834 435 1924 νόμῳ
457 1841 514 1918 τῆς
530 1836 617 1918 δίκης
637 1831 793 1920 χρήσηται
809 1834 883 1900 κατ’
906 1835 1021 1914 αι’·τοῦ,
1049 1835 1145 1923 ᾤχετο
1159 1833 1268 1922 λάθρα
1284 1835 1394 1922 φυγὰς,

287 1937 330 2016 ὡς
344 1935 526 2026 εἰρήκειμεν,
555 1939 597 2012 είς
613 1937 650 2002 τδ
664 1934 815 2025 φρούριον
831 1945 894 2003 τῶν
903 1937 1078 2019 Ἐπιβατῶν
1100 1935 1218 2003 οὗτωσί
1228 1965 1294 2015 πως
1310 1936 1396 2024 λεγύ-
1407 1955 1442 2011 15

285 2061 395 2128 μενον·
422 2039 495 2127 ὅπερ
512 2038 606 2115 αὐτὸς
620 2041 654 2104 lx
672 2045 789 2106 πολλοῦ
810 2046 938 2116 πολλοῖς
960 2037 1116 2128 ἀνήγειρεν
1137 2038 1337 2122 ἀναλώμασιν
1363 2042 1396 2108 δν

285 2154 352 2220 τοῖς
364 2145 527 2230 παραλίοις
544 2149 607 2209 τῶν
621 2146 813 2229 προαστείων
825 2150 881 2209 τοῦ
895 2146 1079 2224 Βυζαντίου,
1106 2143 1217 2230 μικρὸν
1230 2147 1297 2228 μὲν,
1325 2171 1396 2210 ποι-

151 2238 156 2258 '
259 2249 376 2312 (λκίλαν
407 2247 465 2328 δὲ,
500 2247 553 2310 καλ
585 2247 751 2330 δαιμονίως
776 2243 888 2333 εἰχυρύν
911 2271 945 2312 τε
978 2248 1030 2311 καὶ
1065 2243 1235 2329 δύσμαχον.
1269 2250 1312 2324 είς
1334 2247 1396 2335 γὰρ

284 2348 370 2434 ύψος
391 2347 487 2435 τύχης
512 2349 545 2426 ἐξ
568 2347 692 2434 ἀσήμου
715 2349 821 2436 γίνους
841 2350 952 2436 ἀρθεὶς
984 2347 1132 2437 φρόνημα
1157 2348 1261 2433 ἔσχεν,
1290 2347 1396 2417 ὁποίαν

286 2451 326 2519 ε’ίν
348 2455 399 2518 καλ
419 2451 450 2518 oi
468 2448 647 2538 μεθύοντες.
677 2451 900 2541 ὠνειροπύλησε
917 2454 976 2538 γὰρ
998 2449 1218 2529 ἀποθανόντος
1231 2460 1288 2518 τοῦ
1301 2460 1442 2536 βασι-20

188 2555 370 2633 motitur
393 2557 580 2643 ἐπιχειρήσαι
610 2553 689 2622 κατὰ
714 2563 772 2641 τῆς
800 2559 961 2640 βασιλείας
985 2552 1097 2631 αύτύς·
1131 2559 1158 2622 εί
1178 2557 1213 2621 δὲ
1233 2555 1278 2641 μὴ
1300 2559 1396 2641 δυνη-

284 2661 376 2746 θείη,
405 2669 590 2746 καταφυγεῖν
614 2665 689 2746 γοῦν
712 2661 754 2737 είς
777 2659 813 2726 τδ
835 2658 987 2747 φρούριον
1007 2665 1120 2739 τοῦτο,
1145 2660 1196 2724 καλ
1212 2655 1288 2724 είναι
1303 2660 1396 2725 πολί-

283 2788 355 2849 μιος
377 2769 423 2852 τῷ
444 2757 642 2849 κρατήσαντι.
697 2759 767 2853 (Β)
794 2760 953 2848 Συνήγαγε
974 2759 1007 2827 δ’
1035 2763 1068 2826 ἐν
1090 2758 1213 2837 τούτοις
1230 2763 1275 2846 μὴ
1298 2761 1396 2846 μόνον

281 2862 453 2953 χρημάτων
475 2869 682 2932 παντοδαπῶν
702 2868 755 2932 καί
780 2867 936 2932 παντοίων
959 2864 1100 2952 σωρούς,
1135 2863 1215 2930 ἀλλὰ
1237 2867 1289 2930 καλ
1305 2868 1394 2932 σίτου

226 3073 231 3080 ·
281 3051 366 3130 tuere:
394 3044 802 3142 Sedprocessus'ipsetemporis
818 3044 930 3116 sepienti
942 3044 1089 3130 testimonio
1103 3062 1160 3098 cum
1174 3043 1245 3098 dicte
1257 3049 1311 3098 tum
1323 3047 1396 3100 facts

284 3113 460 3169 eluudrcnbrt'
504 3117 542 3168 Ac
563 3115 624 3168 tsirs
637 3115 741 3186 quidem
756 3117 887 3187 hucusque
900 3117 1015 3169 moribus
1027 3115 1115 3168 fueret
1126 3115 1338 3168 Cuutccuzenusz
1352 3125 1396 3169 te·

283 3183 321 3238 liu
336 3191 365 3238 et
377 3184 465 3238 dicere
476 3189 505 3237 et
517 3186 605 3238 iecere
618 3202 668 3238 non
681 3185 826 3239 desinebat

353 3271 380 3324 9.
397 3269 457 3338 Ego
468 3287 531 3323 vero
543 3270 605 3322 iiiuc
616 3271 704 3332 redeo,
718 3270 823 3340 singule
835 3287 868 3326 sc
880 3268 1017 3323 minutiora
1030 3267 1204 3338 expositurus.
1239 3271 1395 3340 Apocnucus

283 3337 366 3409 igitur
383 3339 427 3391 iiie
439 3339 466 3391 iu
482 3339 652 3410 excogitando
667 3339 847 3394 solertissimus
858 3359 889 3393 ue
900 3338 1104 3402 versutissimus,
1120 3338 1180 3391 dum
1194 3340 1277 3392 omnis
1292 3347 1395 3407 pertur-

284 3408 340 3472 bst,
358 3414 388 3461 ut
400 3415 523 3460 summoto
536 3425 620 3460 rerum
636 3409 787 3462 administro
802 3411 859 3479 ipse
871 3426 955 3461 rerum
971 3409 1085 3478 potietur
1103 3408 1185 3476 (quod
1201 3417 1229 3461 et
1240 3408 1394 3461 effractores

284 3484 364 3530 noctu
377 3476 493 3541 fuciunt,
511 3485 539 3529 et
550 3477 678 3542 latrones,
697 3477 792 3548 quibus
808 3495 859 3531 non
875 3478 952 3531 feciie
971 3485 1063 3530 estes
1082 3494 1175 3546 repere
1193 3495 1260 3546 quse
1279 3477 1305 3527 in
1318 3477 1393 3529 domo

222 3549 224 3556 ’
283 3553 360 3609 sunt,
379 3545 429 3598 nisi
441 3547 567 3599 exstincto
583 3547 654 3616 prius
665 3547 776 3610 iumine,
792 3547 897 3618 siquod
915 3547 958 3618 ibi·
965 3547 1028 3614 sit),
1046 3546 1221 3615 deprehensus
1236 3545 1337 3612 quidem
1353 3553 1395 3599 est

284 3622 313 3669 et
327 3615 526 3679 condemnatum
542 3616 606 3668 nihii
624 3625 709 3670 eutem
727 3617 760 3669 eb
778 3617 822 3669 iiio
841 3615 954 3668 vicissim
969 3632 1060 3685 pessus
1076 3625 1117 3667 est
1135 3631 1181 3683 pro
1200 3613 1313 3666 meiitiee
1328 3630 1394 3668 suae

282 3686 431 3738 atrocitate.
467 3683 533 3736 Cum
544 3691 629 3737 temen
643 3687 736 3738 suimet
748 3687 832 3754 ipsum
845 3686 964 3754 puderet,
981 3702 1011 3737 oc
1026 3693 1171 3744 vereretur,
1179 3700 1210 3734 ne
1222 3682 1276 3745 ille,
1289 3683 1394 3736 shiects

281 3753 385 3806 tendent
399 3752 532 3822 patientis,
546 3754 662 3824 legitima
675 3754 935 3808 animadversionem
948 3755 1032 3824 ipsum
1043 3760 1170 3815 uteretur,
1179 3752 1317 3822 euiergerut
1327 3752 1394 3806 clem

281 3823 326 3889 (ut
336 3821 460 3890 diximus)
477 3821 505 3874 in
520 3841 620 3887 urcem,
638 3841 714 3895 quem
727 3823 861 3894 Epibetun
875 3832 986 3887 rocem,
1003 3823 1112 3875 maximo
1124 3829 1228 3890 sumptu
1240 3821 1393 3894 impridern

280 3906 299 3944 u
310 3907 339 3944 se
352 3897 508 3945 exstnrcteru
520 3894 567 3946 sub
576 3893 658 3958 Urbe,
672 3893 700 3946 in
714 3893 841 3946 maritime
854 3909 914 3946 orn:
931 3899 1065 3963 ongirstsm
1077 3890 1178 3961 quidem
1191 3890 1270 3955 iilum,
1288 3897 1317 3943 nt
1327 3892 1393 3944 mui-

280 3958 409 4030 tn'plicem,
428 3965 456 4013 st
469 3959 575 4014 mirifice
592 3961 726 4028 munitum,
744 3981 793 4015 nec
809 3972 961 4032 expugnetu
974 3961 1085 4014 incitem.
1118 3960 1226 4012 Scilicet
1238 3977 1270 4012 ex
1282 3959 1391 4029 ignobili

213 4079 217 4096 ,
281 4045 378 4150 perere
397 4029 431 4082 sd
449 4045 570 4083 summum
584 4033 705 4086 fortunae
717 4031 826 4100 gradum
842 4041 948 4086 evectos
964 4029 1031 4084 ebrii
1055 4030 1163 4082 huminis
1181 4029 1299 4098 spiritum
1312 4046 1392 4098 gere-

302 4104 337 4150 st
370 4099 475 4154 Mortuo
493 4100 619 4168 siquidem
631 4103 787 4171 imperatore
800 4101 975 4155 somniaverat
987 4116 1017 4152 se
1030 4100 1221 4168 imperatorium
1272 4106 1391 4150 mouson

281 4165 444 4232 invssurum3
461 4167 671 4240 decrevemtque,
686 4171 708 4222 si
721 4169 821 4222 viribus
832 4171 1004 4235 deficeretur,
1022 4170 1163 4238 confugere
1178 4167 1211 4220 sd
1225 4168 1243 4219 il
1308 4183 1392 4218 arcem

283 4236 423 4290 nobellum
436 4237 549 4292 cumillo
565 4257 657 4308 gerere
673 4237 719 4309 qui
735 4237 909 4310 imperaturus
924 4239 1003 4292 ieret.
1038 4239 1102 4307 (11.)
1119 4239 1211 4306 Itaque
1224 4237 1284 4289 iiiuc
1298 4240 1392 4302 coege-

282 4306 428 4362 rat-verine
444 4325 477 4364 ιο
491 4307 638 4382 multiplicis
652 4307 777 4382 pecuniae
794 4326 917 4366 ιιοεττοιι
931 4309 1009 4368 immo
1024 4317 1053 4362 et
1064 4306 1187 4362 irumurti
1201 4311 1230 4361 et
1240 4305 1296 4359 vini
1309 4303 1392 4377 pluri·
1434 4341 1441 4344 -
