3067 4792
247 240 324 317 736
585 252 823 323 NICEPHORI
843 252 1085 325 GREGORAE

85 432 111 479 s.
127 428 160 479 Μ.
176 417 289 485 6853οά
311 414 391 485 κατά
411 409 536 503 μνάμην
557 412 662 503 ίχιόρει
683 416 726 484 sd
747 413 908 501 δραίμενα,
937 420 1006 505 περί
1025 418 1199 505 διαλλαγῶν
1217 413 1351 498 ιάμίλοον

117 498 313 617 ¹⁰⁶'130rct'r
330 519 446 598 έξωθεν
465 519 543 605 πρός
558 528 617 605 τῆς
631 522 794 603 βασιλίδος
815 520 1041 607 ίοῦσινἌννης.
1067 523 1119 589 καί
1141 518 1214 606 τάχ’
1235 518 1275 585 ἀν
1289 520 1351 605 ἐγί-

246 620 334 711 γνετό
351 649 381 688 τι
391 622 529 710 χρηστὸν
543 622 676 703 ίκείνοις,
694 626 721 689 εί
734 621 780 708 μή
792 649 874 701 τινος
889 626 1050 708 δαιμονίου
1067 622 1215 691 κεκώλυκε
1228 630 1351 705 βασκα-

245 730 309 793 νία.
341 725 413 791 ἀλλ’
437 726 546 811 έχρήν,
575 723 616 803 ὥς
630 726 724 793 έοικεν
733 776 745 808 ,
773 728 804 793 ἓν
818 730 990 811 θεομηνίας
1007 739 1125 814 καιροῖς
1143 727 1242 811 μηδὲν
1256 723 1351 791 ἀτόλ-

149 834 347 915 tatingem
359 834 564 917 παροφθῆναι
581 836 643 895 τῶν
656 830 824 915 ἀθεμίτων.
852 830 920 914 ἴσχε
933 832 969 897 δὲ
984 830 1092 907 οὕτως.
1134 825 1282 919 (1Α.)Ἡ
1293 834 1378 903 τοδε

243 929 435 1003 Ἀποκαάκοο
458 932 553 1017 γονὴ,
589 932 626 999 τδ
649 930 812 1015 ἐνδόσιμον
831 934 909 1019 πρὸς
931 941 987 1017 τῆς
1000 932 1278 1016 βασιλίδοςἌννης
1293 937 1352 997 λα·

217 1039 361 1119 ὒβοῧσα,
387 1040 604 1123 προσκαλεῖται
619 1042 682 1101 πᾶν
700 1036 737 1102 τὸ
753 1042 785 1103 Γ
782 1037 979 1121 ασμοσλικδν,
997 1040 1050 1104 καί
1066 1032 1236 1124 χρημάτων
1252 1059 1352 1119 χορη·

246 1141 299 1229 ρίρ
313 1137 520 1229 δαψιλεστέρφ
535 1141 646 1221 πείθει,
658 1138 716 1215 τάς
727 1136 861 1226 τριήρεις
874 1140 1057 1225 αὐθημερὸν
1068 1139 1238 1227 ἀφεμένους
1251 1135 1352 1203 ἀπαν-

246 1268 325 1321 τας,
354 1240 434 1306 ὅπλα
451 1244 470 1305 δ
474 1241 487 1301 ³.
501 1243 617 1309 ίκεΐθεν
640 1239 844 1329 ἀνειληφότας
862 1246 914 1309 καί
934 1245 1010 1329 βέλη
1025 1240 1127 1309 πάντα
1136 1292 1146 1322 ,
1172 1245 1353 1327 περιεληλυ·

246 1345 339 1411 θέναι
357 1350 598 1431 πολιορκοῦντας
611 1345 648 1411 τὸ
663 1353 719 1413 τοῦ
729 1348 882 1412 παλατίου
898 1348 1011 1413 ἐκείνου
1021 1345 1190 1433 φροόριον,
1218 1343 1276 1419 έως
1288 1346 1396 1415 rio-10

247 1444 449 1531 πηδήσαντας
471 1444 590 1531 ἡβηδόν
613 1449 688 1526 τοδς
713 1450 800 1527 inde
827 1449 961 1531 ἀνελεῖν,
993 1449 1066 1526 rude
1096 1450 1154 1533 μὲν
1174 1443 1217 1524 ὥς
1237 1445 1353 1531 ἀνδρο-

248 1547 382 1638 φόνους,
408 1547 484 1627 τοάς
505 1554 525 1617 δ
529 1550 539 1577 ³
561 1548 603 1629 ὡς
617 1550 822 1641 ἀνδροφόνοις
842 1549 1001 1639 δήπουθεν
1016 1548 1196 1639 ὁμόφρονας
1209 1551 1261 1615 καὶ
1275 1544 1354 1632 ἀμο-

248 1659 383 1738 στέγοας.
411 1654 489 1737 πρὸς
504 1654 542 1739 δὴ
565 1652 726 1733 τοιούτους
741 1652 856 1743 φόνους
882 1655 1035 1743 ἀγοραίων
1052 1658 1105 1721 καί
1125 1654 1282 1721 ἀσυνέτων
1296 1652 1354 1719 ἀν-

217 1760 336 1843 Εδρῶν
368 1752 524 1825 ὁπλίσασα
548 1758 649 1835 δεξιάς
679 1760 775 1843 ἐκείνη
802 1756 974 1845 χρημάτων
998 1754 1112 1845 ἀβραῖς
1139 1754 1198 1847 (ὥς
1225 1752 1353 1841 είρήκει-

245 1857 316 1945 μεν)
334 1856 488 1935 δεξιώσεσι
507 1863 559 1926 καί
582 1861 667 1930 ottus
686 1856 850 1948 κρατήρων
863 1866 987 1929 πολλῶν
1002 1861 1209 1948 ἐμφορεῖσθαι
1228 1862 1353 1927 δίδωσιν
1362 1870 1404 1957 15ι

246 1959 415 2048 ἀφθόνως,
439 1961 485 2026 ‘ln'
502 1959 687 2030 circumseri
710 1961 908 2048 καθήκοντος
928 1961 1089 2041 ίκστάντες
1107 1969 1256 2049 λογισμοῦ
1278 1989 1354 2046 μοι-

246 2064 383 2146 νομένων
401 2065 489 2149 δίκην
502 2073 627 2153 χωρῶσι
644 2066 721 2153 πρδς
735 2066 793 2142 τάς
812 2073 873 2133 τῶν
885 2065 1065 2153 ἀνθρώπων
1080 2064 1213 2154 σφαγάς.
1241 2067 1306 2132 ἐπεὶ
1318 2063 1353 2131 δ’

213 2222 216 2233 .
247 2166 330 2234 οὕτω
358 2166 453 2231 ταῦτ’
479 2166 537 2252 είχε
563 2172 614 2237 καί
639 2165 656 2235 ὅ
686 2176 742 2235 τοῦ
767 2164 857 2252 ήλίου
878 2166 995 2255 δρόμος
1014 2170 1075 2255 ήδη
1099 2169 1139 2235 τὰ
1159 2168 1356 2256 μεσημβρινὰ

156 2292 157 2296 ’
246 2266 445 2355 παρήλλαττε
466 2266 654 2354 ὑψώματα,
689 2268 861 2358 δραμόντες
884 2273 992 2341 έκεῖνοι
1017 2270 1120 2363 κάκλρι
1143 2272 1181 2338 τδ
1205 2269 1355 2360 φρούριον

246 2372 451 2462 περιέστησαν
474 2371 579 2455 ἅπαν,
606 2374 714 2441 ἀσπίσι
739 2377 793 2441 καὶ
813 2372 918 2451 ὅπλοις
941 2374 1039 2442 ἅπασι
1052 2374 1276 2460 πεφραγμένοι,
1303 2374 1399 2439 auito

220 2482 244 2537 F
246 2474 330 2540 ἅπαν
342 2476 434 2557 βέλος
447 2472 597 2560 ἑκηβόλον
609 2478 642 2542 έν
651 2487 755 2565 χεροῖν
771 2478 997 2565 περιφέροντες,
1019 2478 1070 2545 καί
1087 2474 1147 2541 ὅσα
1160 2474 1265 2563 θήρας
1278 2476 1355 2542 ἀνα-

245 2575 448 2663 μοχλεόοοσιν
478 2578 593 2666 ὄργανα
626 2582 677 2646 καί
709 2582 907 2646 κατασείοοσι
928 2581 1012 2662 τείχη
1036 2581 1089 2643 καί
1114 2577 1279 2645 ἀποσπῶσι
1307 2580 1355 2644 λί-

246 2687 330 2758 θους
351 2682 384 2748 ἐκ
404 2684 573 2766 θεμελίων·
601 2672 646 2751 ὧν
670 2681 701 2749 oi
719 2683 777 2767 μὲν
793 2681 835 2749 τά
855 2681 932 2767 βέλη
951 2681 1122 2765 πέμποντες
1144 2679 1261 2761 ἔξωθεν
1275 2681 1356 2749 κατὰ

266 2928 296 2965 rc
311 2910 362 2965 alio
380 2909 501 2967 viderunt
514 2910 656 2976 recidisse,
673 2928 756 2983 usque
771 2929 805 2966 ex
822 2911 951 2966 sententia
963 2910 1175 2975 succederem,
1191 2910 1225 2965 de
1236 2911 1355 2967 mouci-

137 3000 143 3009 ¹
247 2928 335 3033 iianda
353 2982 441 3048 gratia
460 2999 539 3049 egere
559 2999 615 3034 cum
633 2981 681 3046 iis,
702 2982 746 3052 qui
762 2984 794 3034 ab
808 2981 974 3051 imperatrice
985 2985 1060 3042 Astus
1073 2981 1247 3035 advenerantr
1264 2989 1292 3034 at
1304 2980 1355 3034 nisi

247 3048 396 3103 obstitisset
407 3050 479 3117 genii
493 3050 602 3103 alicuius
616 3050 677 3103 muli
688 3050 798 3111 invidia,
816 3054 928 3103 sortasse
940 3050 1037 3119 aliquid
1050 3051 1111 3103 boui
1123 3051 1189 3119 ipsis
1202 3051 1354 3103 exstitisset

247 3118 302 3169 Sed
319 3118 436 3171 nimirum
450 3120 581 3199 oportuit,
601 3120 628 3171 iu
642 3119 693 3171 iiiia
710 3119 806 3173 suroris
825 3119 908 3173 divini
924 3119 1097 3187 temporibus,
1113 3120 1178 3173 nibil
1191 3119 1297 3173 sceleris
1313 3120 1355 3171 in·

247 3193 373 3239 tentatum
387 3186 480 3239 omitti.
514 3188 566 3241 Res
586 3196 671 3241 autem
690 3188 729 3241 ita
745 3188 886 3241 rehabuit.
921 3188 999 3257 (xl.)
1017 3188 1151 3257 Apocauci
1165 3204 1245 3251 uxor,
1262 3189 1296 3239 ab
1307 3187 1355 3239 im·

246 3255 380 3325 perstrice
394 3259 467 3307 Auno
484 3254 614 3309 licentiam
630 3274 686 3309 cum
699 3258 876 3324 impetrasset,
893 3255 1066 3310 Gasmuiicam
1079 3274 1177 3311 omnem
1190 3258 1292 3311 turbam
1307 3256 1355 3309 ad-

249 3333 342 3388 vocat,
359 3332 387 3379 st
400 3324 578 3393 pinguioribus
594 3326 717 3396 pecuniae
731 3324 911 3395 largitionibus
925 3326 1078 3394 persuadet,
1096 3337 1126 3379 ut
1139 3326 1225 3379 cuncti
1243 3325 1356 3381 triremi·

248 3394 298 3446 bus
314 3410 346 3446 ea
359 3392 402 3445 die
415 3394 523 3457 relictis,
539 3395 701 3464 sumptisque
712 3394 774 3447 inde
787 3394 865 3448 armis
877 3404 906 3447 et
919 3394 979 3447 telis
989 3412 1156 3464 quaecuuque
1165 3396 1289 3460 inessent,
1308 3412 1356 3463 pu·

248 3462 306 3517 latii
324 3462 395 3514 illius
415 3480 497 3515 arcem
514 3463 787 3532 obsidioueeiugant,
804 3464 890 3532 quoad
904 3464 976 3517 facta
989 3464 1135 3533 irruptione
1148 3482 1194 3517 eos
1214 3464 1354 3527 trucident,

248 3530 293 3599 qui
307 3530 376 3585 intus
390 3538 535 3596 versentur,
552 3531 615 3584 nulli
632 3534 713 3585 aetati
728 3532 872 3601 parceud03
889 3533 946 3596 hos,
962 3542 993 3585 ut
1005 3534 1164 3596 homicidas,
1180 3533 1248 3597 illos,
1266 3542 1296 3585 ut
1307 3535 1355 3585 bo-

248 3598 398 3653 miciderum
411 3600 526 3653 fautores
540 3608 619 3670 atque
633 3602 837 3655 contubernales.
867 3603 908 3655 Ad
924 3603 1048 3656 eiusmodi
1062 3602 1166 3655 caedem
1180 3619 1239 3655 cum
1250 3602 1296 3654 iiia
1307 3603 1354 3655 be·

247 3670 342 3722 rninum
355 3670 614 3722 circumforaneomrn
629 3678 658 3722 et
668 3670 819 3723 stolidorum
831 3671 937 3725 dextras
952 3669 1104 3725 amavisses
1115 3669 1227 3734 liberali,
1243 3680 1274 3723 ut
1286 3671 1356 3723 dixi·

248 3754 313 3801 mus,
329 3738 453 3805 pecunias
464 3739 631 3805 erogatione3
649 3740 734 3791 multis
748 3740 826 3793 etium
842 3740 895 3791 viui
910 3740 1009 3808 poculis
1023 3740 1130 3808 profuse
1144 3757 1189 3792 eos
1202 3740 1355 3822 ingurgitat,

248 3814 278 3859 ut
292 3805 320 3857 iu
334 3810 402 3859 hunc
421 3807 521 3860 modum
540 3814 615 3861 recta
627 3807 727 3861 ratione
742 3810 843 3861 excussi
860 3810 999 3861 furentium
1013 3809 1096 3861 instar
1108 3810 1141 3862 ad
1153 3809 1267 3862 homiues
1279 3826 1356 3878 rugu-

247 3876 339 3929 iundcs
356 3880 468 3927 ruerent.
504 3876 569 3929 Cum
581 3876 607 3929 in
623 3894 654 3929 eo
670 3893 713 3929 res
731 3888 833 3942 essent,
850 3878 913 3929 solis
933 3896 1008 3930 cursu
1024 3877 1187 3931 meridianum
1204 3877 1255 3929 iam
1272 3879 1357 3931 verti-

248 3961 304 3995 cem
319 3950 516 4013 praetereunte,
533 3963 609 3999 ruera
621 3946 659 3998 illi
674 3954 701 3999 et
714 3954 795 3999 totam
809 3947 922 4013 undiquc
936 3963 1020 3999 arcem
1034 3946 1237 4009 circumsistere,
1256 3947 1355 4017 clypeis

247 4010 377 4079 armisque
393 4013 508 4067 omnibus
522 4013 658 4079 instructi,
676 4022 703 4067 et
717 4034 789 4069 urnne
806 4016 938 4069 missilium
951 4014 1061 4068 telorum
1074 4033 1158 4083 genus
1173 4017 1290 4069 manibus
1302 4018 1355 4071 cir-

247 4082 428 4145 materenses,
440 4100 524 4152 eaque
538 4083 621 4137 omnia
634 4084 812 4148 instrumente,
829 4089 954 4153 quaerut
967 4084 1000 4136 ud
1014 4092 1145 4153 portarum
1156 4084 1283 4154 repagula
1293 4103 1357 4137 cou-

246 4150 373 4214 velleuda,
391 4152 482 4204 autad
496 4170 581 4205 muros
594 4153 758 4221 quatiendos,
770 4160 817 4205 aut
829 4154 861 4207 ad
873 4153 974 4221 lapides
987 4172 1003 4206 e
1016 4152 1189 4207 fundamentis
1201 4155 1356 4207 emouendos

247 4218 343 4277 valent
368 4220 410 4275 Ex
426 4220 467 4275 bis
482 4220 526 4277 alii
540 4221 643 4294 quidem
657 4222 722 4277 foris
732 4239 850 4295 maguum
864 4222 972 4278 telorum
985 4222 1037 4277 risu
1050 4240 1083 4279 ac
1095 4224 1200 4284 deuaaur
1212 4222 1293 4277 ueluti
1305 4240 1355 4278 uu·
