3067 4792
272 312 347 385 860
580 311 817 389 NICEPHORI
839 318 1082 389 GREGORAE

109 502 137 553 λ.
150 500 183 551 Μ.
196 500 264 557 6857
274 482 344 577 (Δ)
364 482 461 553 Ὅθεν
482 482 618 571 μεγάλας
638 484 695 568 μέν
712 484 797 551 ἐννέα
816 482 967 572 τριήρεις,
998 480 1143 571 μονήρεις
1165 484 1201 549 δέ
1216 484 1372 566 πλείστας,

149 572 225 626 ¹⁰⁶²
273 590 434 656 ἐπιλέκτων
456 586 615 673 ίμπλήσας
636 584 821 672 ὁπλομάχων
842 594 985 668 ναυτῶν,
1009 590 1060 652 καὶ
1080 584 1288 673 τριηράρχους
1309 587 1376 651 έπι-

245 690 391 777 Εστήσας
411 690 485 767 τοὺς
501 689 588 775 μάλα
611 690 775 778 άρίστους,
805 693 857 757 καί
877 690 989 776 μικρὸν
1013 696 1070 755 τοῦ
1092 691 1215 772 λιμένος
1239 687 1373 775 προβὰς,

270 798 382 861 ‘loturo
399 794 567 879 περιμένων
587 794 619 859 έν
635 790 718 871 τάξει
736 795 792 861 τδν
813 802 876 860 τῶν
893 795 1074 874 Βυζαντίων
1095 793 1262 874 ἐπίπλουν,
1286 796 1376 857 δυοῖν

272 898 349 981 έχων
371 898 403 961 ίν
423 902 467 985 νῷ
491 894 725 983 διαπράξασθαι
748 894 903 983 θάτερον·
938 900 966 962 εδ
982 897 1039 979 μέν
1063 895 1145 961 κατὰ
1158 892 1276 978 νόμους
1289 892 1401 983 δρῴη5

272 998 494 1087 στρατηγικοὺς
514 998 656 1076 ἐπιόντας
677 999 727 1065 Irr'
755 999 870 1082 αὐτὸν,
899 997 1044 1086 πρύμναν
1065 1024 1098 1063 τε
1112 994 1310 1085 κροάσασθαι
1324 1000 1377 1062 καί

271 1110 334 1170 τῶν
357 1110 434 1169 νεῶν
456 1099 691 1187 ἐκπηδήσαντας
712 1103 798 1180 έντδς
821 1103 963 1189 γενέσθαι
986 1108 1042 1169 τοῦ
1070 1102 1222 1188 φρουρίου
1244 1102 1375 1186 πλησίον

272 1204 423 1283 ἑστῶτος·
451 1208 477 1271 εί
490 1205 524 1269 δ’
542 1199 614 1288 οὖν,
639 1201 733 1288 ὄμάσε
745 1216 859 1292 χωρεῖν
872 1207 904 1283 ές
919 1205 992 1282 τοὺς
1007 1205 1181 1289 πολεμίους.

172 1326 267 1416 [5λῖ
282 1339 284 1349 ’
350 1338 387 1421 ς’.
412 1342 493 1409 Ἐπεί
505 1340 538 1409 δ’
555 1340 673 1433 ἡμέρας
686 1343 849 1429 γενομένης
864 1339 1032 1426 ὄμιχλῶδές
1045 1368 1075 1407 τι
1090 1338 1258 1429 καταρρέον
1272 1338 1306 1404 ἓκ
1320 1364 1375 1403 πε-

273 1441 387 1533 λάγους
399 1452 519 1530 πνεῧμα
532 1445 568 1511 τὸ
582 1448 713 1535 θαρῥεῖν
726 1444 841 1534 ἀφῄρει
857 1445 931 1523 τοὺς
945 1445 1147 1527 Βυζαντίους,
1170 1442 1374 1527 ἔνθαρσέστε·
1385 1448 1420 1501 10

275 1546 356 1639 ροςὸ
372 1556 432 1615 τῶν
446 1550 597 1615 Λατίνων
609 1552 738 1637 ἐγίγνετο
755 1547 921 1634 ναύαρχος.
949 1546 1101 1637 συνῄεσαν
1113 1547 1145 1612 δ’
1162 1545 1247 1629 ὅμως
1258 1545 1376 1622 ἔξωθεν

272 1655 330 1739 μέν
345 1653 378 1719 αἲ
394 1654 508 1733 πεζικαί
528 1659 591 1718 τῶν
611 1649 770 1736 Ῥωμαίων
797 1649 950 1740 φάλαγγες
971 1652 1050 1735 μετὰ
1072 1656 1195 1715 πολλῶν
1212 1652 1262 1714 καί
1277 1645 1375 1732 μεγά-

273 1764 336 1824 λων
357 1762 481 1841 θνρεῶν
507 1758 558 1821 κἀδ
584 1758 794 1822 παντοδαπῶν
821 1753 1005 1843 φρυγάνων,
1031 1752 1090 1820 ὅσα
1110 1752 1214 1839 τροφή
1230 1758 1275 1839 τῷ
1300 1752 1377 1836 περὶ

273 1860 463 1925 καθίσταται
486 1844 664 1945 πρόχειρος·
690 1858 899 1945 προύφαίνετο
924 1860 959 1922 δὲ
980 1860 1031 1923 καὶ
1054 1853 1196 1931 ὅστόλος
1211 1854 1272 1939 ήδη
1293 1851 1376 1935 κάμ-

242 1978 359 2033 Βπτων
378 1960 435 2044 τήν
456 1958 513 2026 τοῦ
535 1961 708 2039 Βυζαντίου
729 1962 856 2047 βορείαν
879 1958 995 2045 άκραν,
1030 1958 1110 2025 ἔνθα
1131 1955 1242 2043 πύργοι
1259 1982 1292 2022 τε
1318 1953 1374 2021 δύο
1386 1960 1420 2015 15

273 2062 525 2154 άνῳκοδόμηνται
540 2065 640 2130 λίθων
658 2069 774 2128 λευκῶν
797 2064 848 2128 καλ
870 2062 1082 2145 άπεξεσμένων
1103 2063 1135 2139 ές
1151 2061 1188 2127 τὸ
1204 2067 1260 2144 τῆς
1275 2056 1377 2145 ἅρμο-

274 2169 342 2243 νίας
365 2165 486 2252 εὐφυές,
511 2165 561 2231 καλ
587 2163 653 2247 ἅμα
668 2167 853 2251 Δημητρίου
868 2172 925 2232 τοῦ
953 2162 1113 2250 μάρτυρος
1130 2166 1255 2250 ἵδρυται
1282 2159 1373 2248 ἱερόν.

273 2270 358 2346 ἔδοξε
381 2272 401 2334 δ
406 2267 417 2292 ²
441 2267 546 2355 αὐτοῖς
566 2264 768 2353 έπέμοχθοςή
786 2268 893 2353 καμπὴ
919 2268 971 2332 διὰ
990 2267 1049 2344 τὰς
1072 2268 1134 2331 έκεΐ
1152 2265 1313 2352 γινομένας
1330 2262 1377 2329 oiri

272 2373 465 2446 θαλαττίους
489 2366 590 2445 ἕλικάς
618 2396 661 2439 τε,
678 2374 729 2437 καί
757 2367 825 2436 οἷόν
851 2396 937 2447 τινας
956 2372 1187 2457 λαβυρίνθους,
1218 2368 1298 2433 κατὰ
1319 2368 1377 2449 τήν

272 2472 351 2563 παρ’
364 2470 507 2563 Ἕλλησιν
522 2472 675 2563 ᾀδομένην
689 2470 834 2539 Σκύλλαν
851 2475 904 2539 καί
917 2470 1095 2559 Χάρυβδιν,
1117 2470 1157 2555 ήν
1171 2473 1277 2538 έκεῖνοι
1294 2469 1374 2535 κατὰ
1383 2481 1418 2534 20

271 2576 326 2643 τδν
344 2577 491 2665 πορθμὸν
501 2572 580 2641 εἶναί
591 2600 706 2663 φασιν,
736 2574 771 2652 ὃς
782 2575 900 2659 μεταξδ
915 2582 972 2641 τοῦ
985 2600 1019 2641 τε
1027 2573 1179 2640 Ἰταλικοῦ
1189 2571 1310 2659 Ῥηγίου
1324 2575 1377 2637 καὶ

243 2685 328 2764 (λτής
342 2684 499 2764 Σικελικῆς
516 2688 612 2744 κεῖται
634 2675 795 2763 Μεσήνης.
823 2677 936 2767 δ’σφηλε
958 2680 978 2742 δ
983 2678 993 2702 ²
1011 2676 1126 2753 αὐτοὺς
1139 2678 1170 2752 ές
1182 2676 1223 2742 τά
1238 2674 1376 2759 μάλιστα

271 2780 342 2851 τότε
360 2784 412 2849 καί
427 2782 462 2849 τὸ
483 2781 527 2867 μή
543 2778 695 2867 ἀνάλογον
710 2780 788 2866 ἔχειν
802 2780 836 2848 ἓν
850 2792 917 2859 τοῖς
937 2787 1001 2848 τῶν
1016 2786 1094 2847 νεῶν
1106 2776 1276 2863 κοιλώμασι
1289 2776 1375 2845 κάτω

341 2946 367 3000 8.
385 2943 503 3009 ἑστῶτος
519 2962 567 2999 em.
582 2944 661 3001 Boiu.
678 2961 726 3017 pro
743 2942 872 3011 ἑστῶτας.

270 3076 383 3133 studium
403 3097 508 3163 ponere.
549 3080 624 3149 (IV.)
641 3082 733 3150 Itaque
748 3080 794 3135 ille
812 3080 932 3134 triremes
951 3096 1059 3149 magnas
1074 3094 1183 3144 novem,
1206 3082 1234 3131 at
1257 3093 1375 3130 moneres

271 3149 485 3219 quamplurimas,
503 3158 638 3203 nautarum
658 3158 814 3203 armatorum
828 3149 930 3202 deiectu
942 3149 1069 3218 compiet3
1086 3148 1244 3202 trierarchos
1257 3146 1375 3216 praeficit

269 3218 522 3287 praestantissimum
539 3224 592 3272 tum
606 3218 682 3288 paulo
698 3218 767 3270 uitra
781 3225 883 3289 portum
898 3234 1066 3286 progressus,
1083 3218 1264 3288 Byzantiorum
1277 3216 1376 3269 adveu-

269 3294 323 3339 turn
335 3286 526 3339 instructsacie
538 3286 590 3339 iilic
598 3294 651 3340 stat
663 3295 832 3356 exspectans,
851 3286 958 3339 duorum
966 3288 1011 3339 iiie
1023 3286 1132 3340 aiterum
1144 3288 1275 3339 facturusr
1293 3286 1316 3336 si
1328 3301 1374 3336 eos

269 3356 372 3425 quidem
385 3356 521 3409 secundun
529 3356 637 3409 bellicae
648 3356 711 3409 artis
725 3364 865 3425 praecepta
874 3356 1016 3425 procedere
1027 3358 1153 3409 adversas
1165 3354 1297 3416 revideat,
1307 3369 1375 3422 pup-

268 3424 322 3493 pim
341 3432 531 3489 retroacturus,
554 3424 704 3493 relictisque
720 3426 830 3478 navibus
846 3425 874 3478 in
890 3425 1021 3478 camellum
1041 3425 1185 3494 proximum
1203 3423 1375 3487 introiturum

268 3492 309 3544 sin
324 3493 422 3555 minus,
440 3492 472 3546 ad
488 3510 599 3563 pugnam
617 3495 776 3563 proditurus.

337 3566 363 3617 6.
381 3563 430 3615 Die
448 3568 538 3615 exorto
558 3562 695 3615 nebulosus
740 3562 825 3615 uidam
842 3568 938 3615 ventus
958 3561 1057 3615 amari
1076 3560 1184 3629 ingruit
1219 3560 1263 3614 ue
1282 3576 1326 3613 res
1342 3562 1375 3612 ut

184 3676 188 3686 ι
267 3628 404 3698 Byzantiis
417 3630 535 3686 fiduciam
548 3632 659 3695 ademit,
675 3634 715 3684 ita
721 3581 886 3684 (iratinorurn
899 3631 1029 3684 navarcho
1043 3630 1142 3683 animos
1157 3630 1267 3683 addidit.
1302 3628 1374 3681 Con-

267 3708 396 3753 venerunt
414 3708 500 3753 tarneu
519 3700 677 3754 extrinsecus
708 3701 843 3770 pedestres
865 3702 1035 3754 Romanorum
1054 3700 1176 3753 cohortes
1193 3716 1247 3752 carn
1272 3698 1374 3767 clypeis

267 3768 356 3821 multis
369 3776 396 3822 et
408 3769 523 3837 maguis,
541 3770 603 3823 item
618 3770 751 3822 cumomni
763 3770 880 3821 seruitum
891 3786 997 3838 genere,
1007 3773 1134 3838 quotquot
1143 3769 1245 3821 scilicet
1254 3774 1375 3851 prompta

266 3836 337 3906 ignis
351 3838 508 3890 nutrimenta
522 3846 588 3890 suut
623 3838 775 3907 Apparebat
788 3846 873 3891 autem
886 3847 915 3891 et
924 3838 1031 3901 classis,
1050 3853 1118 3906 quae
1135 3837 1240 3890 boreale
1254 3853 1305 3889 sam
1320 3838 1374 3889 cir-

267 3907 471 3959 cumvehebatur
484 3906 605 3975 Byzantii
620 3908 836 3976 promontorium
852 3908 898 3960 ubi
911 3914 997 3959 turres
1011 3906 1077 3958 duae
1089 3905 1242 3960 aedificatas
1258 3911 1320 3957 sunt
1333 3906 1374 3958 la·

250 3974 330 4045 pido
343 3974 410 4039 albo,
420 3975 453 4027 ad
466 3975 614 4027 concinnam
626 3975 725 4029 aolidae
738 3983 887 4029 structurae
897 3975 1009 4045 speciem
1022 3975 1149 4044 expolitos
1167 3992 1218 4044 quo
1230 3974 1307 4026 etiam
1316 3974 1374 4027 loco

264 4044 386 4113 tempiurn
398 4044 460 4097 divo
476 4044 608 4097 Demetrio
624 4044 735 4113 positum
756 4046 876 4099 occurrit
903 4045 982 4097 Visus
995 4061 1058 4097 vero
1071 4044 1136 4113 ipsis
1148 4044 1251 4112 iniquus
1267 4042 1310 4093 hic
1323 4043 1374 4095 fle·

267 4126 317 4165 xus
337 4114 370 4164 ob
384 4130 443 4179 eos,
456 4114 499 4182 qui
514 4112 568 4166 illic
581 4130 682 4183 semper
697 4114 828 4179 existunt,
842 4114 921 4167 maris
934 4114 1048 4166 vortices
1065 4121 1092 4165 et
1105 4112 1229 4181 quosdam
1241 4111 1318 4181 quasi
1332 4110 1374 4165 la-

266 4179 284 4233 b
318 4182 419 4247 'nthos;
436 4182 527 4251 qualos
543 4182 603 4235 illae
618 4200 634 4235 a
648 4183 760 4236 Graecis
779 4184 932 4237 decantatae
945 4182 1034 4250 Scylla
1044 4190 1072 4234 et
1085 4182 1243 4248 Charybdis,
1261 4195 1327 4250 quus
1343 4180 1373 4232 in

265 4246 275 4299 i
296 4267 310 4301 o
325 4250 402 4315 ireto,
439 4250 490 4302 uod
504 4258 545 4303 est
556 4250 625 4303 inter
638 4250 755 4305 Italicum
770 4252 897 4321 Rhegium
910 4257 938 4305 et
944 4252 1057 4305 Siculam
1067 4250 1221 4313 Messanam,
1236 4250 1302 4301 sitas
1315 4264 1373 4301 esse

265 4316 364 4373 dicunt
400 4268 496 4376 uitur
510 4324 596 4375 autem
609 4320 662 4374 illis
673 4328 736 4375 tuuc
749 4322 902 4394 plurimum,
917 4320 988 4392 quod
999 4320 1028 4374 in
1039 4318 1137 4375 carinis
1148 4318 1267 4372 idoneam
1279 4318 1374 4373 sabm-
