3067 4792
309 248 409 373 1620
676 258 1034 331 ANNO'I'ATIONES.
1082 195 1084 200 Ι

394 418 465 497 Peg.
493 419 589 493 1125,
613 423 641 481 1.
683 408 757 497 ’Eyti
774 422 901 499 στερεῶν
920 415 1053 501 βοονενὶν
1067 419 1120 485 aet
1132 422 1242 499 κτίζων
1254 420 1412 503 πῶμα]
1435 422 1471 481 In

306 501 443 563 Hebraeo
460 512 544 563 textu
561 502 671 580 tegitur
685 514 767 563 mann
785 518 851 565 *nt*
869 504 903 564 id
921 516 967 565 est
975 505 1116 587 formans
1129 522 1259 583 mames,
1282 517 1320 567 ut
1340 516 1381 568 et
1397 508 1471 566 vul·

307 598 391 665 gatus
410 586 557 667 interpres
570 588 693 647 Latinus
711 589 813 649 vertit.
855 590 1052 651 Doctissimus
1075 592 1202 651 Drusius
1226 602 1314 653 recte
1334 593 1472 652 coniicit

306 667 475 745 eongXX.
491 694 548 752 pro
556 688 638 734 :nnn
647 672 680 729 id
688 682 732 731 cst
740 688 863 749 montes,
876 674 984 754 lapsae
997 688 1089 737 :town
1101 675 1161 736 hcc
1169 685 1215 737 est
1229 679 1362 752 sonim,
1385 677 1471 737 sicut

306 777 378 817 mox
392 756 502 817 ibidem
517 778 574 839 pro
589 773 706 817 anu-nu
721 758 754 817 id
770 768 816 818 sat
828 781 904 841 quae
916 763 956 819 eit
971 762 1115 863 capitatio
1127 763 1204 839 eius,
1224 761 1375 839 legerunt
1391 783 1472 821 cou-

306 842 434 901 iunctim
452 858 547 903 annun
571 842 652 923 quod
676 852 800 902 vertunt
822 840 877 908 adv
906 849 1037 928 Xpsoscv
1053 838 1167 922 ου’τοῦ,
1205 842 1363 907 cimae
1395 849 1470 911 αὐ.

308 945 492 987 curarunt.

394 1015 467 1091 Pog·
491 1016 590 1085 1126,
615 1017 664 1075 11.
713 1017 780 1075 Τοῦ
791 1013 864 1077 vici
881 1010 969 1087 ὄντος
981 1038 1009 1077 κ.
1023 1012 1101 1093 11.]
1121 1014 1249 1075 Roman.
1262 1018 1298 1081 8.
1314 1012 1397 1075 Issi.
1413 1014 1470 1079 XI.

307 1096 372 1157 Ich.
385 1094 494 1157 XVIII.
513 1105 543 1162 1.
564 1098 633 1157 Cor.
649 1098 672 1157 I.
690 1108 722 1159 et
733 1098 772 1160 11.
816 1120 997 1159 curationes.

416 1186 488 1262 Peg.
511 1187 610 1256 1126,
642 1182 692 1248 16.
737 1182 800 1245 Καὶ
827 1180 1020 1265 Γρηγορίου]
1059 1184 1185 1261 Gregor.
1209 1183 1358 1245 Nazianz.
1389 1194 1467 1248 crat.

307 1267 460 1327 XXXVII.
478 1276 618 1347 quaeest
640 1276 793 1350 postrema
804 1267 842 1330 (la
860 1267 1014 1349 theologia
1030 1277 1061 1329 et
1076 1267 1255 1330 inscribitur
1277 1269 1320 1330 dc
1341 1272 1469 1350 Spiritu

309 1361 422 1411 sancto.
465 1370 651 1416 curaaontt.

396 1442 468 1519 ch.
498 1442 596 1511 1126,
621 1443 668 1504 18-
709 1431 787 1522 ’Eyoi
810 1438 941 1520 φρίττω,
965 1460 994 1500 s.
1014 1461 1042 1502 τ.
1061 1436 1110 1517 i]
1146 1437 1170 1497 l.
1196 1437 1310 1500 cnaL
1339 1438 1466 1521 Saul.

308 1522 436 1583 Roman.
453 1524 534 1584 VIII.
552 1521 618 1582 Ich.
636 1522 687 1583 IV.
703 1530 733 1589 2,
749 1526 819 1585 Cor.
832 1525 885 1584 III.
906 1523 975 1583 lsai.
993 1524 1047 1582 XI.
1090 1542 1272 1584 carnencas.

394 1606 470 1683 Peg.
488 1613 579 1682 1127,
602 1612 632 1671 8.
657 1602 804 1687 Otipivov
811 1605 886 1670 imai
898 1612 954 1669 τοῦ
969 1610 1059 1669 θείου
1068 1604 1240 1687 πνεύματος
1247 1602 1407 1689 ὀνόματα]
1426 1611 1467 1670 Et

310 1713 381 1753 sane
393 1692 591 1772 permultaibi
598 1702 720 1754 sanctus
728 1694 892 1770 Gregorius
900 1694 1139 1753 recensstsancti
1153 1692 1284 1771 Spiritus
1297 1698 1467 1755 nemiuset

310 1779 472 1853 attributa,
503 1798 579 1857 quae
599 1778 777 1857 praesertim
805 1779 935 1839 sacrise
961 1776 1126 1857 Scriptun's
1154 1777 1319 1856 axcespsit.
1367 1780 1405 1839 ln
1430 1801 1466 1839 ca

309 1865 375 1942 ipss
406 1863 553 1923 duntaxat
581 1864 707 1942 pagina,
745 1863 826 1923 unde
850 1862 1053 1923 testimonium
1077 1861 1130 1920 hic
1148 1862 1306 1921 laudatum
1328 1868 1468 1943 sumpsit

312 1951 476 2026 Gregoras‚
499 1951 684 2029 septuaginta
702 1949 763 2007 dno
783 1948 936 2007 numeravi
951 1946 1050 2006 sancti
1063 1946 1194 2027 Spiritus
1214 1946 1338 2008 nomina
1348 1996 1362 2026 ,
1378 1969 1465 2031 quaa

311 2034 409 2110 legere
426 2034 538 2110 poteris
555 2043 626 2091 tam.
640 2032 662 2095 1.
679 2054 746 2113 pag.
763 2038 836 2098 610.
851 2032 922 2093 edit.
935 2033 1004 2091 Bill.
1047 2050 1230 2091 marrantia.

396 2115 471 2199 Peg.
496 2123 594 2192 1128,
619 2121 669 2183 18.
709 2112 759 2180 Ἐν
772 2112 954 2200 edayyettatr
967 2140 996 2179 s.
1010 2141 1036 2179 τ.
1047 2115 1095 2196 1.]
1116 2114 1254 2179 Luext.
1268 2115 1381 2177 Mettis.
1392 2118 1463 2179 XII.

312 2220 492 2263 caersnonn.

322 2358 328 2373 ‘
395 2284 473 2367 Peg.
497 2289 594 2361 1129,
617 2288 667 2351 16.
709 2283 884 2368 Λέγοντος]
907 2286 1059 2350 LchII.
1072 2308 1102 2347 v.
1117 2292 1167 2351 10.
1209 2306 1401 2347 mennon.

395 2372 475 2451 Pag-
498 2375 595 2445 1129,
625 2376 673 2436 19.
714 2364 764 2431 Ἐν
786 2368 987 2450 Βεολζεβοΰλ]
1014 2371 1060 2430 tte
1084 2372 1271 2451 Graccipro
1291 2368 1461 2431 Beelzebub

312 2466 482 2517 constanter
502 2457 605 2533 legunt
622 2451 817 2535 Βεελζεβοΰλ,
849 2476 940 2535 quam
965 2459 1147 2536 scripturum
1171 2455 1361 2517 retinendam
1395 2477 1462 2516 esso

311 2550 414 2601 censat
440 2541 657 2600 eruditissimus
677 2540 802 2600 Densius
820 2542 966 2620 tantisper
990 2542 1060 2600 dum
1077 2542 1145 2622 quis
1164 2540 1342 2621 probaverit
1360 2563 1426 2601 eam
1442 2562 1462 2601 a

310 2627 418 2687 scribis
432 2635 603 2705 corruptam
620 2626 728 2700 fuisse,
752 2635 782 2685 et
799 2646 858 2684 non
873 2626 909 2684 ub
927 2646 1002 2695 usu,
1026 2636 1056 2686 ct
1070 2627 1173 2704 vulgo.
1215 2626 1292 2686 Nam
1306 2626 1386 2685 siah
1400 2646 1461 2685 usu

312 2723 357 2773 est
369 2712 449 2771 illius
464 2712 624 2790 temporis,
646 2720 675 2769 et
690 2710 897 2787 Evangelistac
911 2730 976 2768 eam
992 2711 1198 2786 retinuerunt,
1221 2731 1276 2771 cur
1289 2732 1344 2771 nos
1361 2721 1462 2771 muta·

312 2796 432 2859 bimus?
455 2798 611 2855 Caeterum
631 2794 794 2855 Beelzebub
810 2805 856 2855 est
876 2794 912 2854 ab
929 2795 1066 2878 Hebraeo
1085 2789 1242 2871 51315113,
1262 2796 1346 2874 quod
1365 2798 1461 2876 sigui-

311 2884 382 2943 Iicat
405 2878 564 2941 Dominum
585 2902 771 2941 muscarum.-
794 2887 823 2940 et
843 2888 888 2939 est
910 2900 1016 2940 noman
1036 2880 1114 2941 idoli
1133 2881 1399 2955 dccsrouitaruu't,
1418 2882 1461 2942 da

313 2988 374 3048 quo
386 2967 437 3027 IV.
453 2968 521 3043 Ηοο.
540 2986 606 3045 cap.
619 2963 644 3026 I.
685 2964 751 3023 Hoc
767 2984 875 3023 noman
896 2963 1049 3026 Israiilitae
1065 2966 1259 3045 postmodum
1273 2968 1305 3025 iu
1321 2977 1460 3026 contem·

236 3126 238 3131 .
310 3066 397 3134 ptum
413 3051 504 3112 huius
518 3051 592 3110 idoli
609 3049 721 3109 dabant
735 3049 963 3111 daemoniorum
976 3050 1125 3132 principi,
1148 3061 1183 3111 ut
1197 3061 1282 3132 patet
1294 3050 1404 3115 stante
1414 3054 1459 3113 X.

311 3148 343 3199 ct
356 3136 423 3197 XII.
467 3154 648 3195 carrauontt.

272 3279 280 3297 ,
312 3260 314 3263 -
397 3221 473 3301 Pag.
494 3226 586 3291 1132,
608 3223 639 3283 8.
686 3212 1122 3305 Τὸ11ουνοοξάζοντῷλόγο
1137 3215 1327 3300 οήνντίοιν]
1347 3219 1459 3301 Aqua

311 3330 402 3390 neque
416 3319 504 3387 atque
523 3328 543 3365 ο
566 3302 600 3363 V
597 3300 664 3363 erbo
680 3317 815 3363 creatura
826 3300 1025 3386 glorificatur,
1048 3305 1081 3365 id
1104 3314 1166 3377 cst,
1187 3302 1375 3385 adglorians
1390 3327 1460 3364 eue-

312 3391 401 3453 In'tnr.
443 3392 478 3451 In
500 3388 682 3449 editionIbua
703 3386 863 3447 Athanasii
881 3398 975 3448 veter.
997 3398 1028 3449 et
1051 3409 1123 3450 nov.
1150 3389 1262 3468 tegitur
1287 3383 1457 3464 mimos,

313 3496 403 3537 sensu
416 3475 514 3549 miuus
530 3472 695 3535 commodo.
739 3472 814 3533 Nem
837 3494 875 3532 ax
895 3471 1048 3534 Athanasii
1072 3474 1219 3535 sententia
1239 3474 1372 3555 Spiritus
1388 3494 1458 3534 sau-

313 3570 380 3619 ctus
405 3570 558 3620 creaturas
581 3559 679 3618 Verbo
701 3578 761 3617 non
781 3558 950 3635 coniungit,
979 3560 1031 3619 sed
1050 3561 1180 3639 Spiritus
1198 3568 1338 3633 sanctus,
1365 3559 1458 3619 simul

312 3666 383 3705 cum
397 3646 495 3706 Verbo
512 3666 561 3705 eas
576 3645 659 3705 Patri
674 3642 838 3720 coniungit,
855 3662 908 3702 seu
922 3642 1056 3723 adducit,
1072 3637 1228 3727 προσάγει,
1248 3653 1284 3703 ut
1296 3642 1348 3703 hic
1362 3641 1457 3705 habe·

311 3739 373 3791 tur.
415 3731 538 3791 Rectius
553 3732 653 3809 itaque
668 3728 779 3806 legitur
793 3721 992 3806 σννδοξᾶζον,
1012 3731 1055 3790 its
1070 3739 1106 3789 ut
1119 3723 1254 3813 τῷλόγῳ
1269 3723 1456 3804 οννδοξᾶζον

311 3812 372 3893 adv
383 3817 480 3877 κτίσιν
502 3816 541 3875 sit
560 3815 640 3875 idem
656 3812 737 3893 quod
753 3832 859 3892 supra,
882 3809 1024 3899 ἐντούτῳ
1042 3810 1226 3895 [πνεύματι]
1242 3810 1299 3893 τὴν
1314 3815 1413 3876 κτίσιν
1432 3813 1456 3877 d

311 3894 400 3983 λόγος
414 3894 538 3975 δοξάζει.
582 3900 726 3959 Editiouis
737 3918 846 3959 novae·
856 3906 964 3958 auctor
980 3899 1198 3961 eruditissimus
1219 3907 1303 3961 recta
1323 3898 1386 3957 issu
1399 3920 1455 3960 au·

280 4028 284 4037 ·
312 3994 431 4047 notarat
443 3986 475 4045 in
490 3992 511 4051 4
525 3985 607 4049 MSS.
622 3983 697 4047 ch.
713 3982 773 4061 legi
789 3978 981 4059 οννδοξοὶζον.
1025 4004 1209 4045 cuasaonn.

397 4069 472 4151 Pag·
496 4076 593 4145 1132,
617 4075 667 4135 11.
712 4067 776 4130 Καὶ
795 4062 888 4131 πάλιν
905 4092 933 4131 κ.
953 4090 979 4131 τ.
992 4068 1042 4151 L]
1063 4066 1205 4130 Athenas.
1224 4076 1301 4129 orat.
1317 4066 1394 4127 clius
1403 4067 1452 4129 IV.

311 4155 371 4216 istu
382 4153 435 4225 ΙΙΙ.
450 4164 555 4217 contra
568 4154 703 4215 Arianos.
748 4172 932 4215 curarent.

397 4241 475 4324 Peg.
496 4244 597 4317 1182.
621 4246 671 4307 12.
711 4232 814 4315 Ἐοτός
834 4237 914 4328 ἐστιν
929 4230 1018 4315 οὗτος
1030 4240 1092 4303 τῶν
1103 4228 1450 4321 βονλήοεινεγονότον]

1514 145 1516 167 I

1514 171 1516 190 1
