3067 4792
286 233 387 310 1176
670 247 1033 324 sotorsmottttot

282 403 407 486 potituri
425 402 580 466 historiam
606 405 671 468 iuss
687 411 898 492 persequitur,
920 411 972 474 cui
987 411 1115 493 Bienor,
1143 423 1181 476 ut
1200 425 1232 476 et
1253 415 1390 480 Phison·
1406 428 1444 481 et

286 490 352 550 eliis
368 489 490 550 dicitur.
512 510 645 553 nocuo.
688 495 765 554 Aliis
778 495 913 572 Βέκκος,
935 500 1119 579 quibusdam
1133 502 1221 563 etiam
1234 502 1351 567 Bisnu

511 593 574 656 Kai
590 590 801 678 Λατινόφρων
812 590 955 678 Ἰωάννης
967 597 988 663 o‘
1000 601 1115 667 Risus.

286 694 360 757 cod.
377 696 446 776 Reg.
462 697 557 762 3058.
598 695 674 757 Vide
688 708 719 758 et
730 698 897 758 clausulam
911 701 985 764 eod.
1000 705 1073 784 Itsg.
1088 709 1183 773 2006.
1204 705 1310 766 Latine
1324 705 1441 786 Becus,

286 783 417 856 Eecrus,
439 781 554 859 Venus,
577 789 608 840 et
621 782 738 842 Veccus
753 785 926 864 promiscuo
941 787 1064 854 dicitur.
1106 809 1223 852 aurern.

373 871 445 946 Pog-
469 871 540 942 129.
566 869 617 934 15.
657 863 838 951 Νικηφόρος
850 868 870 933 ὅ
883 867 1079 956 Βλεμμῦὄης]
1102 877 1145 935 De
1155 875 1286 957 prolatis
1300 897 1318 934 s
1333 876 1440 937 Vecco

285 953 315 1012 S.
332 953 504 1031 scripturae
528 952 565 1012 de
583 955 614 1012 S.
634 953 763 1034 Spiritus
780 957 974 1035 processione
992 959 1086 1038 locis,
1109 960 1161 1041 qui
1182 961 1357 1022 Latinorum
1379 964 1441 1021 ‹Io-

286 1047 384 1118 gmsta
403 1036 574 1113 firmarent,
597 1039 703 1099 scribit
718 1042 840 1119 quidem
853 1041 1071 1124 Pechymeress
1101 1048 1156 1106 sed
1178 1046 1216 1104 ds
1243 1047 1439 1106 collectionis

286 1133 412 1184 auctore
425 1119 475 1181 hic
494 1123 576 1197 silet,
599 1123 776 1204 Blemmyde
790 1125 926 1202 scilicet,
948 1129 1048 1188 valido
1062 1131 1143 1211 apud
1161 1130 1293 1190 Graecos
1310 1133 1439 1191 Latinae

286 1206 430 1268 ecclesiae
455 1210 619 1268 sententiae
642 1209 787 1269 adversus
820 1211 951 1272 Graecos
980 1225 1216 1294 propugnatore.
1261 1216 1337 1274 Nam
1364 1235 1439 1274 cnm

285 1293 398 1353 Ioanne
419 1293 501 1352 Duco
524 1314 625 1353 rerum
641 1295 773 1374 potiente
793 1295 871 1355 inter
883 1298 1014 1357 Graecos
1030 1300 1068 1360 de
1084 1299 1276 1382 processione
1301 1299 1438 1379 Spiritus

286 1379 383 1438 sancti
406 1380 610 1438 controversis
633 1380 850 1456 discuteretur,
872 1381 937 1460 ipse
958 1385 1059 1444 multis
1080 1405 1119 1445 ex
1134 1405 1218 1446 sacra
1231 1385 1393 1464 Scriptura
1407 1393 1440 1442 et

286 1465 398 1523 sanctis
420 1463 561 1524 Patribus
586 1465 722 1524 collectis
745 1465 923 1526 testimoniis
956 1469 1129 1530 Latinorum
1153 1471 1333 1529 sententium
1357 1489 1437 1528 con-

286 1549 436 1626 firmavit,
464 1560 629 1630 posteaque
648 1551 686 1610 sd
710 1551 922 1632 imperatorem
942 1551 1136 1614 Theodorum
1159 1553 1314 1613 Lascarim
1344 1565 1377 1615 et
1398 1552 1438 1611 sd

286 1635 430 1694 Iacobum
448 1635 603 1714 Bulgeriss
623 1635 750 1695 electum
768 1635 1028 1718 archiepiscopum
1048 1640 1228 1715 transmisit,
1251 1648 1287 1697 ut
1304 1658 1345 1697 ex
1366 1639 1436 1718 ipso

286 1719 398 1780 Ioanne
422 1720 521 1780 Vecco
543 1720 632 1780 docet
654 1721 781 1781 Aliatius
803 1722 855 1782 lib.
875 1723 913 1782 II.
939 1723 977 1783 de
999 1725 1161 1803 utriusque
1184 1723 1330 1784 ecclesiae
1356 1725 1438 1782 ton&

288 1827 378 1866 sensu
393 1827 460 1886 cap.
482 1805 561 1864 XIV.
581 1827 610 1866 n.
634 1805 686 1865 IV.
708 1827 836 1885 quorum
859 1807 980 1886 quidem
995 1809 1143 1871 librorum
1165 1804 1301 1869 meminit
1317 1805 1436 1887 Pachy-

287 1911 384 1951 naeres
396 1890 449 1952 lib.
464 1889 511 1949 VI.
529 1911 595 1972 cap.
611 1891 736 1968 XXIII.‚
757 1894 808 1970 qui
831 1890 980 1952 habentur
1002 1894 1075 1954 editi
1095 1905 1167 1974 post
1185 1903 1259 1953 tom.
1280 1893 1304 1952 1.
1326 1893 1435 1954 AnnsI.

285 1975 371 2036 Ech.
381 1977 506 2034 Odorici
516 1974 661 2054 RsynaIdi
675 1995 742 2035 cunr
753 1979 891 2036 versione
904 1979 1009 2038 Latine
1021 1981 1157 2040 eiusdem
1165 1978 1278 2039 stlatit.
1298 1998 1433 2040 nucero.

333 2067 336 2074 ’
377 2079 448 2156 Peg.
473 2082 543 2151 129,
568 2083 616 2144 16.
656 2075 709 2150 Ὦς
736 2082 827 2162 σχολῇ
850 2076 989 2152 δεδωκώς
1012 2075 1138 2161 ἑαυτὸν]
1177 2079 1272 2154 Quasi
1294 2079 1353 2139 sibi
1375 2079 1433 2160 ipsi

288 2159 439 2234 scribens,
466 2182 521 2221 nec
541 2161 621 2222 libro
639 2161 822 2242 pubIIcando
842 2164 1025 2228 incumbens.
1068 2165 1156 2241 Mox,
1184 2162 1287 2248 λάθρα
1309 2162 1367 2246 piu
1383 2159 1433 2226 sisi

287 2242 345 2326 τήν
359 2251 421 2308 τῶν
432 2251 552 2309 πολλῶν
566 2244 743 2326 ὑπόληψιν,
767 2268 844 2327 quae
858 2250 969 2326 verbs,
991 2251 1091 2329 inquit
1107 2249 1252 2326 Aliatius,
1274 2269 1433 2332 perperam

287 2331 382 2391 vertit
405 2330 572 2412 interpres,
604 2331 750 2418 irffomiue
776 2345 872 2410 metu,
895 2355 963 2394 cum
982 2347 1101 2394 vertere
1122 2333 1289 2412 debuisset,
1313 2349 1433 2416 propter

289 2413 448 2476 multorum
462 2413 616 2494 inuidiam,
638 2437 689 2476 seu
706 2418 807 2498 potius
819 2435 940 2498 propter
950 2415 1105 2478 uitandam
1121 2419 1327 2498 suspicionem,
1350 2418 1432 2498 quod

287 2501 462 2562 Latinorum
481 2502 596 2562 scilicet
616 2503 753 2581 partibus
776 2504 926 2562 addictior
947 2505 1111 2564 videretur.
1153 2505 1258 2583 Neque
1281 2514 1380 2564 tamen
1401 2502 1432 2561 id

290 2586 365 2646 clam
378 2586 535 2667 scripsisse
545 2587 689 2647 dicendus
707 2596 763 2657 est,
787 2589 1280 2670 quodimperatorisiussuegerot.
1302 2609 1431 2648 unusne.

376 2694 449 2770 Peg.
473 2695 544 2766 ¹29,
569 2695 618 2758 18.
661 2685 791 2771 desieris
806 2684 1182 2768 τῶνπολλῶνῦπόληψιν]
1204 2687 1431 2750 VerterstWoI-

287 2775 363 2846 Iius,
399 2773 545 2858 infamiae
567 2789 652 2836 metu.
695 2776 756 2836 Leo
779 2775 909 2836 AIIstius
933 2773 1113 2835 vertendum
1137 2774 1281 2854 putebat,
1315 2788 1433 2854 propter

288 2857 448 2920 multorum
460 2857 622 2932 inuidiam,
644 2880 698 2920 seu
714 2861 817 2940 potius
831 2875 951 2942 propter
962 2856 1117 2918 vitandum
1131 2861 1340 2940 suspicionem.
1369 2859 1431 2936 Ego

288 2963 363 3005 vero
374 2945 482 3020 matut,
506 2960 626 3028 propter
638 2946 804 3026 opinionem
818 2947 849 3005 in
865 2967 925 3028 quo
934 2941 1068 3026 plerique
1080 2957 1174 3005 mont.
1216 2962 1332 3004 uetusto.

376 3050 451 3128 Pog.
478 3051 549 3122 130,
570 3051 602 3113 6.
650 3041 710 3110 ttia
726 3041 942 3126 πατριαρχικδν
968 3039 1165 3124 ἆναβεβηκῶς
1186 3037 1323 3125 Opiros]
1359 3043 1431 3104 eon

288 3129 435 3210 Iosephus
449 3130 520 3190 aede
535 3151 587 3190 sua
604 3131 709 3210 pulsus
727 3133 759 3192 in
775 3132 964 3212 Peribieptss
977 3129 1191 3190 monasterinm
1206 3148 1272 3188 sese
1291 3128 1430 3188 contulis-

288 3217 393 3278 setXI.
408 3216 539 3276 Ianuarii
557 3217 707 3276 secundae
723 3217 910 3289 Indictionis,
934 3236 1011 3276 anno
1025 3214 1131 3276 Mundi
1143 3213 1230 3274 iuxta
1244 3212 1376 3274 Graecos
1383 3211 1430 3276 VI.

289 3301 548 3362 MDCCLXXXII.
573 3299 699 3384 (Christi
719 3299 948 3381 MGCLXXIV.)
970 3310 1005 3361 ut
1024 3310 1071 3360 est
1091 3299 1173 3379 apud
1188 3297 1365 3378 Pacbymsr.
1380 3297 1430 3358 lib.
1513 3356 1514 3361 ,

288 3387 326 3448 V.
342 3409 410 3470 cap.
431 3387 525 3451 XVII.
548 3387 645 3448 XXII.
660 3385 793 3468 hincque
808 3388 840 3448 in
853 3387 1006 3468 Arupium
1020 3383 1113 3459 (forte
1128 3383 1161 3457 in
1174 3382 1355 3460 Archangeli
1371 3403 1431 3441 mo-

203 3491 206 3503 ·
288 3477 470 3544 neoterium,
494 3473 530 3532 de
546 3493 607 3552 quo
618 3476 724 3550 supro)
747 3473 934 3544 smsndatus,
957 3471 1073 3532 Veecus
1087 3469 1260 3550 patriarcha
1277 3469 1431 3528 munde-

287 3568 338 3622 tus
347 3569 392 3619 est
402 3558 513 3618 XXVI.
528 3558 618 3632 Maii,
641 3569 671 3616 et
685 3557 722 3618 II.
740 3559 817 3618 Iunii
831 3557 883 3618 <lis
896 3557 1088 3617 Pentecostes
1102 3554 1308 3632 inauguratus.
1350 3553 1430 3612 idem

287 3642 466 3724 Pachymer.
488 3663 555 3724 cop.
571 3642 682 3702 XXIV.
706 3643 845 3705 XXVIII.
874 3661 1005 3702 uocaus.
1056 3639 1186 3700 Secessit
1209 3633 1373 3718 Iosephus,
1398 3646 1431 3696 ut

289 3749 379 3810 supra
396 3729 511 3788 dictum
528 3737 589 3804 est,
611 3730 646 3792 Δ.
663 3729 696 3791 0.
713 3729 926 3790 MCCLXXIV.
940 3725 1072 3786 Ianuarii
1085 3725 1135 3786 dis
1151 3723 1204 3785 XI.
1242 3723 1362 3783 Veccus
1374 3741 1430 3780 nou

288 3815 431 3875 ststimei
445 3814 633 3890 subrogatus.
677 3813 820 3875 Possinus
838 3833 879 3875 ex
900 3810 1094 3891 Pschymsris
1113 3809 1214 3870 verbis
1232 3808 1284 3868 Iib.
1297 3807 1349 3868 IV.
1366 3827 1428 3886 cap.
1511 3874 1512 3877 Ἴ

288 3901 383 3960 XVII.
400 3909 430 3959 et
449 3899 503 3959 lib.
520 3899 554 3960 V.
577 3919 645 3979 cap.
657 3899 767 3963 XXIV.
789 3922 805 3959 s
829 3902 924 3979 prims
940 3896 1108 3958 secessione
1126 3891 1246 3973 Iosephi
1267 3890 1306 3951 ad
1329 3891 1429 3952 initum

288 4007 307 4046 s
323 3985 422 4045 Vecco
440 3983 679 4065 pitriarcbatum
702 4005 819 4045 menses
831 3985 948 4044 solidos
955 3980 1108 4042 sexdecim
1118 3977 1338 4038 ‘intercessisse
1350 3975 1429 4035 coIIi·

289 4074 350 4150 git3
372 4071 511 4151 stqueita
522 4069 614 4130 Vecci
626 4070 809 4131 creationem
819 4069 935 4130 confert
952 4068 982 4128 iu
992 4085 1104 4126 annum
1116 4063 1226 4124 Christi
1235 4059 1428 4122 MCCLXXV.
1510 4074 1511 4139 p

285 4155 406 4217 Possini
421 4155 558 4215 csIcqus
571 4155 711 4216 Iirmotur
723 4155 902 4216 auctoritate
917 4151 1138 4214 turonicorum
1153 4147 1428 4224 manuscriptorum,

288 4243 321 4301 in
343 4243 453 4322 quibus
474 4241 590 4306 Veecus
614 4241 702 4302 sonis
724 4250 795 4303 octo
815 4239 918 4304 sedem
944 4236 1076 4300 tenuisse
1095 4235 1219 4297 dicitur.
1261 4231 1340 4298 vids
1360 4228 1427 4292 cot
1509 4262 1510 4341 p
