3067 4792
308 290 406 361 1816
725 296 1085 365 nntto'rnulon‘us.

304 456 518 536 Empusarum,
541 474 614 533 ques
630 454 745 515 Lamina
761 465 790 516 ct
804 456 917 515 Larves
925 498 935 527 ,
958 474 1013 515 seu
1025 438 1166 515 Lemures
1189 456 1302 532 vulgus
1318 474 1387 515 esse
1401 457 1462 514 du-

248 593 253 603 .
305 542 361 601 cit:
385 561 433 600 eas
452 540 490 599 sd
506 560 635 599 eruerent
654 562 765 621 pronas
781 562 854 616 esse,
876 550 905 601 st
921 539 1067 600 humanas
1081 542 1258 619 praesertim
1275 560 1389 599 carues
1405 562 1461 599 ex-

304 635 414 707 petere.
458 628 552 687 Porro
573 645 642 683 curn
665 627 843 706 Apollonius
861 627 1018 705 Tysnseue
1044 627 1132 685 istam
1154 626 1286 705 Menippi
1310 622 1460 703 sponsam

304 712 530 789 interrogasset,
553 720 582 777 et
600 712 698 771 acrius
720 711 860 771 instando
882 712 1034 785 torsisset,
1061 713 1170 769 fassam
1194 731 1259 769 esse
1280 728 1407 770 merum
1427 732 1460 771 se

304 806 456 875 spectrum
478 816 558 869 esse,
581 804 612 853 et
626 797 803 875 Empusern,
826 807 856 856 et
874 795 1011 875 hlenippi
1030 816 1160 874 corpore
1183 795 1315 855 voluisse
1338 797 1457 858 satiari.

303 880 395 941 lluris
418 880 534 939 Sentius
556 880 735 959 Libycorum
757 882 810 941 lib.
841 882 881 941 11.
899 888 1001 941 narret
1026 880 1158 941 Lamiam
1179 880 1271 939 luisse
1292 880 1457 941 mulierem

304 964 479 1047 pulchram:
503 984 595 1043 quum
610 965 726 1046 lupitsr
737 987 801 1027 rena
816 986 884 1025 cum
900 986 933 1025 es
949 965 1119 1041 habuisset,
1142 989 1159 1025 s
1174 965 1290 1025 lunone
1309 966 1457 1046 zelotypa

303 1050 441 1109 adactum
461 1049 499 1109 ad
516 1049 631 1129 prolem
652 1052 834 1111 necandam:
857 1072 895 1111 ex
914 1050 974 1111 hoc
995 1070 1132 1113 moerore
1149 1052 1258 1109 iactam
1271 1051 1457 1125 deformem,

302 1135 436 1194 aliarum·
448 1154 558 1213 pueros
577 1137 713 1215 rapuisse
729 1147 760 1196 et
775 1136 977 1195 interfecisse:
1001 1157 1066 1195 eam
1086 1135 1208 1195 lunonis
1228 1136 1267 1196 oh
1290 1138 1373 1195 iram
1397 1158 1456 1195 no.

301 1229 365 1279 ctes
385 1218 509 1299 diesque
526 1219 675 1280 insomnes
698 1222 841 1297 duxisse,
863 1230 897 1279 ut
919 1244 954 1282 eo
975 1221 1088 1281 meiere
1102 1224 1181 1281 eslset
1193 1220 1226 1279 in
1238 1222 1346 1295 luctu3
1373 1223 1455 1281 lovis

301 1324 375 1363 vero
394 1304 584 1365 miseratione
601 1307 779 1387 exemptiles
800 1306 920 1368 tandem
941 1316 1059 1367 nactam
1081 1308 1204 1380 oculos,
1225 1326 1305 1385 quos
1330 1327 1393 1385 pro
1414 1309 1455 1365 li-

300 1388 365 1449 bitc
382 1390 475 1449 modo
499 1390 634 1467 tolleret,
664 1392 753 1451 modo
775 1412 927 1471 apponere
948 1401 1065 1472 posset,
1094 1390 1258 1451 abeodem
1281 1391 1455 1451 obtinuisse

300 1482 335 1533 ut
350 1475 380 1532 in
395 1494 485 1554 quesn
497 1475 596 1551 vellet,
616 1496 648 1534 se
661 1486 792 1537 mutaret
805 1480 943 1537 formem.
964 1479 1062 1536 Testis
1077 1476 1252 1535 scholiastes
1266 1476 1455 1557 Aristopha-

300 1560 356 1633 nis,
378 1560 432 1639 qui
444 1560 508 1619 Beli
525 1570 555 1619 et
570 1560 682 1639 Libyae
705 1562 796 1623 fuisse
817 1562 908 1621 liliam
924 1564 975 1624 sit.
1013 1561 1074 1620 elii
1093 1562 1151 1621 alie
1166 1562 1292 1641 iusuper
1314 1573 1452 1623 narrem.

300 1644 376 1708 l'ide
394 1646 421 1705 si
441 1644 526 1705 lubet
545 1646 709 1706 lliodorum
731 1648 866 1707 Siculum
890 1647 945 1709 lib.
962 1648 1030 1710 XX.
1058 1647 1235 1707 Pausaniam
1251 1647 1284 1705 irs
1306 1647 1453 1708 Phocicie

299 1722 358 1791 etc}
403 1750 584 1793 carasnonn.

385 1820 455 1895 Peg.
480 1820 578 1891 1109,
601 1820 651 1881 22
696 1818 783 1889 Θεῖος
795 1812 986 1899 spondetur]
1008 1818 1133 1895 Gregor.
1148 1817 1238 1897 Nyss.
1251 1816 1308 1877 lib.
1322 1816 1365 1877 ll.
1381 1840 1453 1877 con·

299 1908 347 1959 tra
361 1900 486 1961 Euncm.
506 1908 580 1961 tons.
596 1899 635 1959 11.
654 1920 722 1981 pag.
737 1906 809 1967 473.
854 1921 1037 1963 csrrsaonn.

382 1990 457 2064 Peg.
481 1989 578 2058 1110,
600 1992 631 2049 1.’
676 1979 800 2049 Osinosisr
814 1991 869 2048 rosi
889 1981 1083 2063 decedentes
1098 1980 1182 2047 εἶπεν
1201 1983 1367 2063 ὁμοίωμα]
1390 1985 1452 2045 lec·

298 2090 354 2149 que
374 2071 416 2127 rei
437 2090 496 2129 nors
515 2070 671 2129 existentis
692 2072 847 2152 imaginem
865 2084 892 2129 et
911 2068 1134 2131 similitudinem
1152 2072 1248 2149 ipsum
1264 2067 1450 2153 [Christum]

296 2175 357 2211 esse
372 2150 463 2211 dixis.
507 2152 629 2213 Scilicet
652 2156 742 2232 paulo
757 2174 848 2233 supra
868 2156 983 2215 dixerat
995 2156 1162 2215 Eunomius
1179 2154 1263 2233 apud
1278 2157 1313 2216 S.
1330 2157 1451 2234 Grego-

296 2237 374 2295 riuns
390 2238 459 2296 locu
473 2236 574 2313 citato,
595 2232 665 2311 υἱός
678 2238 757 2301 ἐστιν
774 2236 866 2302 eineis
880 2240 933 2301 καὶ
950 2238 1080 2322 σφραγὶς
1094 2244 1151 2319 τῆς
1164 2244 1222 2301 rosi
1236 2236 1449 2320 srcwoxptito·

295 2344 351 2400 ρος
365 2320 521 2403 ἐνεργείας.
564 2319 716 2383 Filiaseet
732 2325 832 2405 imago
849 2322 1024 2405 strigilium
1040 2326 1220 2407 operationis
1233 2323 1320 2405 [Des]
1338 2328 1397 2407 psi
1408 2341 1450 2386 est

295 2408 486 2489 omnipotens.
516 2427 696 2469 carcasona.

293 2549 295 2555 .
382 2497 455 2573 Peg.
483 2497 579 2567 1111,
604 2499 631 2558 1.
674 2493 832 2578 Γρηγορίφ
859 2496 904 2578 τῷ
925 2488 1081 2579 θεολόγῳ]
1113 2494 1240 2572 Gregor.
1262 2492 1448 2555 nerim

295 2586 370 2637 orat.
388 2578 438 2641 42.
454 2577 486 2637 in
503 2577 618 2637 Pascha
631 2597 697 2657 pag·
716 2583 788 2644 692.
820 2598 1005 2639 craneum«.

379 2667 450 2743 Peg.
474 2667 572 2739 1111,
594 2665 624 2729 4.
668 2662 731 2726 Kel
746 2656 857 2744 noller]
879 2663 962 2723 ldern
974 2672 1050 2728 orat.
1064 2667 1116 2730 12.
1131 2663 1166 2724 in
1180 2674 1291 2723 horam
1307 2664 1446 2725 Domini-

293 2767 369 2809 cem.
400 2766 582 2807 crassensis.

380 2837 451 2913 Peg·
474 2838 574 2905 1112,
597 2836 626 2897 9.
660 2827 745 2895 Ὅσα
760 2829 794 2896 cd
808 2826 954 2914 πρότερον
966 2832 1052 2913 ἔτος]
1074 2832 1169 2893 Anno
1180 2830 1445 2913 prooeimeelapsc

294 2917 443 2994 Gregorss
463 2917 538 2977 Acts
559 2916 673 2997 Synodi
694 2918 884 2979 Pulsmiticse
899 2927 930 2979 et
943 2938 1028 2977 suam
1046 2918 1126 2977 hanc
1143 2937 1211 2977 cum
1225 2918 1363 2977 Csbsss'ls
1382 2919 1445 2977 dis.

286 3004 477 3081 putationem
512 3003 674 3082 descripsit
700 3024 778 3063 anno
808 3002 921 3064 Christi
946 3002 1113 3063 ttccctlt.
1137 3002 1290 3063 mensibus
1307 3003 1391 3062 lulio
1413 3014 1446 3063 et

290 3087 436 3163 Augusto.
481 3088 586 3147 Libros
611 3087 842 3163 Antirrheticoa,
864 3090 983 3169 priores
1003 3090 1134 3169 quidem,
1157 3088 1334 3149 condiderat
1354 3099 1444 3148 ente·

291 3167 382 3253 quain
407 3172 632 3232 Cantacuzenns
653 3185 803 3254 occupato
823 3176 969 3254 Byzantio
987 3195 1090 3235 rerum
1115 3175 1280 3254 potiretur,
1301 3172 1362 3233 hoc
1385 3184 1443 3251 ess,

291 3268 359 3317 ante
377 3276 444 3315 ann.
459 3256 680 3318 MCCGXLVll.
696 3260 880 3338 posteriores
895 3280 968 3320 vero
982 3280 1045 3319 non
1063 3258 1177 3334 edidit,
1201 3259 1262 3326 nisi
1280 3278 1361 3317 suno
1385 3258 1443 3319 de-

241 3410 244 3419 ,
290 3363 371 3403 mum
385 3339 565 3407 Mettcuttt.
580 3354 614 3402 ut
628 3344 658 3401 in
673 3344 735 3403 eius
749 3345 816 3405 Vite
831 3346 946 3406 dictum
964 3355 1018 3405 est.
1041 3345 1145 3424 ltaque
1158 3343 1300 3403 hocloco
1313 3341 1349 3406 ω’
1362 3338 1443 3425 arpo'-

286 3449 376 3506 Ιτερον
408 3426 487 3504 ἔτος,
516 3449 576 3509 quo
600 3428 748 3507 significat
778 3430 875 3491 editos
897 3454 916 3489 a
939 3452 972 3491 se
993 3429 1089 3491 libros
1110 3428 1348 3503 Antirrheticos,
1378 3450 1442 3488 non

288 3520 390 3591 potest
406 3534 470 3574 esse
484 3536 580 3573 annue
590 3516 731 3596 proxime
745 3511 881 3594 elapsus.-
903 3516 961 3576 nisi
978 3507 1199 3575 'elutirrheticcs
1213 3514 1331 3592 priores
1344 3516 1441 3573 semel

288 3596 411 3675 quidem
429 3607 498 3659 ente
521 3620 590 3659 ann.
610 3600 834 3662 Mcccxtvn.
851 3602 960 3661 iterum
974 3610 1073 3660 sutem
1089 3621 1157 3661 ann.
1172 3599 1324 3659 necent.
1339 3600 1440 3659 editos

286 3700 448 3761 mirantur:
475 3684 508 3743 id
534 3705 594 3763 quo
618 3686 716 3745 minus
738 3704 844 3744 verum
867 3696 954 3765 puto.
997 3685 1100 3745 Malim
1122 3685 1214 3763 igitur
1232 3680 1268 3746 τὸ
1291 3678 1441 3764 acinaces

288 3764 353 3841 ἔτος
373 3768 563 3849 interpretari
576 3771 674 3849 primo
694 3770 743 3830 vel
759 3771 968 3849 prienaeus,
995 3782 1030 3829 ut
1048 3771 1236 3848 intelligetur
1256 3790 1353 3828 annus
1375 3771 1439 3849 pri·

284 3870 354 3913 mus
369 3864 528 3935 susceptae
542 3855 687 3915 adversus
707 3854 857 3915 Pulsmam
875 3856 1102 3935 disputationis,
1123 3877 1185 3915 non
1207 3863 1308 3914 autem
1326 3855 1438 3913 noti&

285 3937 395 4014 simus,
418 3959 472 4001 seu
493 3942 631 4020 proximo
653 3941 781 4020 elapsus.
824 3942 874 4000 Sic
894 3942 974 4001 idem
999 3943 1148 4019 Gregoras
1171 3940 1250 4000 llist.
1274 3940 1328 4000 lib.
1350 3940 1439 3998 XXL

285 4042 355 4104 pag.
373 4027 447 4091 625.
467 4025 503 4085 Ε.
514 4026 696 4104 consepelire
708 4036 800 4086 vocet
812 4047 881 4086 sum
894 4026 973 4086 diem
981 4072 990 4102 ,
1011 4028 1064 4107 qui
1082 4027 1200 4106 primus
1212 4025 1286 4100 fuit,
1307 4044 1371 4083 non
1383 4025 1437 4103 qui

285 4108 425 4187 proxime
444 4112 617 4191 praecessit.
661 4112 738 4171 Vide
756 4121 846 4172 notes
869 4112 908 4172 ad
931 4133 996 4173 eam
1022 4115 1182 4194 pagiuam,
1211 4109 1264 4172 ubi
1287 4118 1319 4171 et
1336 4111 1438 4171 simile

284 4194 366 4255 aliud
384 4195 553 4275 exemplum
572 4196 705 4259 affertur.
749 4218 868 4257 corvin.
1229 4252 1233 4262 .

368 4277 443 4362 Peg.
470 4286 566 4355 1112,
590 4288 639 4348 17.
683 4278 717 4346 ‘O
733 4278 913 4367 προφήτης]
936 4282 1005 4344 lsai.
1025 4282 1077 4347 Xl
1120 4298 1303 4344 macons.
